2644 3982
312 220 362 274 EX
379 219 547 275 INCERTIS
565 220 807 276 INCERTORVM
824 221 976 276 FABVLIS
1084 222 1148 286 297

581 387 705 448 LXXIX

510 488 687 580 Aegialein
709 491 795 574 parit
1135 490 1202 557 146¹

56 537 62 546 x
140 576 242 642 Asiba
263 582 355 662 pater

211 698 401 764 Quintilianus
414 699 480 754 VIII
493 705 518 768 6,
533 703 568 754 35
584 699 826 768 ‘catachresis
842 717 928 768 quam
941 704 1016 755 recte
1031 701 1150 755 dicimus

140 770 312 840 abusionem,
332 787 403 838 quas
421 788 480 824 non
497 770 667 825 habentibus
686 787 788 824 nomen
804 788 885 824 suum
900 772 1113 826 adcommodat.
1126 817 1149 828 ..

140 845 169 895 et
201 842 289 911 opud
316 841 471 911 tragicos
498 841 657 912 aegialeo
684 845 784 911 paret
811 845 846 895 at
872 844 991 912 pater?
1033 843 1150 897 Pacuvii

140 913 223 966 Medo
242 912 344 966 tribuit
361 912 502 968 Halmius:
522 913 556 967 of.
576 912 642 966 hist.
661 916 733 983 trag.
754 918 814 967 319.

211 1019 400 1090 1Aegialeon
427 1020 563 1091 Beupluius
589 1037 660 1074 mou.
688 1020 791 1090 Asopi.
812 1025 844 1074 51
875 1020 1002 1090 aegialeo
1025 1022 1149 1077 Ambros.

141 1092 238 1146 Bomb.
259 1090 350 1145 sialeo
367 1092 446 1146 Mou.
466 1091 554 1145 etiam
571 1090 616 1144 leo
630 1091 742 1162 Augeat.
793 1094 875 1161 paret
892 1113 913 1146 ω
963 1092 1064 1164 Aeeta]
1083 1096 1115 1146 at
1128 1115 1149 1148 ω

192 1163 281 1216 Aeeta
304 1161 470 1232 Aegialeum
491 1161 568 1232 ptuit
586 1164 850 1218 osuuudmouitioue
872 1164 1041 1234 Quintiliani
1060 1167 1089 1218 at
1108 1168 1151 1218 est

138 1236 221 1304 pater
237 1235 369 1302 scriptum
386 1236 471 1301 fuisse
490 1235 604 1288 conieci
617 1233 749 1288 Halmius
767 1233 901 1302 Aegialeo
919 1237 1052 1304 parentat
1069 1238 1151 1304 pater

140 1306 252 1360 Birtius
269 1323 337 1359 mus.
356 1306 443 1360 Rhea.
459 1309 494 1357 34
509 1321 538 1372 p.
555 1310 588 1358 17

592 1455 701 1514 LXXX

140 1555 245 1622 Ne'mo
268 1557 342 1641 pius
365 1561 427 1658 est,
450 1556 510 1641 qui
528 1557 683 1641 pietatem
729 1608 1055 1624 .......

212 1677 307 1733 Cicero
322 1679 357 1732 de
371 1678 417 1733 fin.
432 1679 458 1731 Π
472 1684 515 1747 22,
531 1684 563 1732 71
582 1679 659 1732 ‘nam
672 1695 725 1732 neo
739 1677 783 1731 uir
796 1678 887 1732 bonus
902 1695 934 1732 ao
948 1678 1038 1732 iustus
1052 1679 1151 1734 haberi

141 1749 238 1817 debet,
262 1749 323 1817 qui,
346 1766 382 1804 ne
404 1749 511 1803 malum
533 1749 651 1818 habeat,
676 1749 801 1804 abstinet
823 1766 853 1803 se
873 1749 908 1803 ab
927 1749 1038 1806 iniun'a.
1076 1751 1151 1805 nosti

141 1820 223 1873 oredo
242 1818 327 1874 illud:
346 1822 456 1874 nemo’
477 1837 500 1875 s.
516 1838 542 1888 q.
559 1839 579 1874 s.
610 1823 689 1874 ‘saue
708 1824 790 1890 putes
809 1820 960 1888 quisquam
974 1837 1035 1875 esse
1049 1821 1150 1876 uerius.

140 1907 192 1944 nes
211 1890 298 1958 enim,
322 1891 389 1944 dum
406 1891 521 1961 metuit,
545 1891 636 1946 iustus
656 1894 707 1961 est,
727 1895 756 1945 et
774 1894 861 1960 oerte,
881 1891 905 1945 si
923 1894 1046 1946 metuere
1066 1893 1152 1946 desti-

141 1960 215 2030 terit,
235 1978 293 2014 non
311 1960 383 2016 orii?

211 2065 318 2136 pietate
333 2067 394 2122 Erl.
410 2067 483 2136 Spir.
502 2067 638 2136 pietatem
657 2068 761 2138 soletp
779 2068 915 2137 pietatem
934 2067 1003 2121 solil
1016 2067 1152 2122 infortuni

141 2140 219 2191 metu
237 2138 356 2192 Botliius

586 2236 709 2295 LXXXI

141 2336 347 2424 Religentem
369 2358 437 2400 esse
460 2336 556 2421 <ted>
579 2341 720 2422 oportet,
743 2337 913 2423 religiosus
935 2338 976 2400 ne'
1000 2336 1079 2400 fuss.

213 2457 321 2514 Gellius
339 2457 407 2512 lvs
437 2456 583 2527 ‘Nigidius
606 2458 736 2528 Figulus,
765 2458 861 2528 homo,
889 2461 922 2511 ut
947 2474 999 2528 ego
1024 2457 1151 2527 arbitror,

143 2529 223 2583 iuxta
241 2529 278 2584 Μ.
298 2528 452 2583 Varronem
471 2528 658 2598 doctissimus,
677 2530 707 2583 in
725 2528 872 2583 undecimo
891 2529 1153 2583 commentationum

143 2599 390 2670 grammaticorum
404 2617 517 2654 uersum
535 2616 574 2654 ex
592 2601 735 2670 antiquo
755 2600 903 2654 carmine
921 2599 1007 2654 refeit
1019 2600 1154 2655 memoria

145 2671 238 2726 herole
262 2672 391 2741 dignum:
415 2671 595 2740 religentem’
617 2689 640 2726 e.
659 2691 685 2741 q.
706 2691 726 2726 s.
765 2670 876 2725 ‘ouius
898 2671 1063 2725 autemid
1082 2689 1154 2725 oar-

145 2759 219 2796 men
238 2742 296 2812 sit,
319 2760 386 2797 non
405 2741 549 2796 scribit!
586 2743 651 2798 Non
670 2743 841 2797 confidenter
859 2759 903 2796 mo
921 2741 1004 2795 huius
1023 2742 1154 2796 versiculi

145 2812 282 2882 originem
301 2831 318 2867 a
337 2831 438 2868 scaena
456 2812 634 2883 potissimum
650 2818 776 2884 repetere
795 2831 851 2868 non
870 2817 913 2867 est
931 2817 964 2868 ut
980 2831 1117 2870 moneam.

214 2919 262 2973 ted
285 2937 346 2974 esse
366 2921 556 2976 Fleckeiseuus
579 2937 639 2974 esse
658 2943 679 2974 ω
751 2919 899 2990 religiosus
922 2936 957 2974 ne
975 2919 1039 2974 fuas
1059 2921 1152 2978 Fleob

143 2991 248 3045 suenus
274 2990 423 3062 religiosus
451 2991 531 3046 nefas
556 3013 577 3046 ω
605 2991 769 3062 religiosum
794 2990 873 3046 nefas
896 2993 955 3046 edd.
980 2999 1054 3060 veti„
1081 2995 1154 3048 uude

139 3063 281 3132 profectus
303 3065 361 3132 ipss
384 3066 448 3119 olim
472 3065 503 3116 at
525 3062 716 3133 religi0sumst
733 3062 813 3117 nefas
831 3064 940 3131 scripsi,
960 3063 1002 3116 M.
1023 3063 1154 3119 Heliaius

143 3135 216 3188 iuter
233 3134 292 3188 ulio
311 3137 354 3188 set
371 3134 536 3204 religiosum
553 3134 633 3188 nefas
648 3136 793 3204 proposuit

580 3302 719 3360 LXXXII

193 3452 199 3464 .
243 3451 249 3464 .
292 3451 298 3464 .
339 3402 404 3487 uis,
428 3425 508 3487 quae
532 3405 673 3468 summas
696 3403 818 3489 fringit
840 3403 1046 3488 infirmitque
1069 3425 1153 3488 opes.

214 3521 309 3576 Cicero
331 3539 383 3591 pro
401 3523 517 3579 Rabirio
536 3526 612 3579 Post.
629 3530 675 3594 10,
690 3531 724 3580 28
750 3525 831 3594 ‘orgo
856 3525 955 3579 aderat
972 3525 1038 3594 uis,
1062 3527 1094 3579 ut
1112 3524 1154 3579 alt

142 3595 228 3661 poeta
246 3592 296 3646 ille
314 3597 422 3664 noster,
441 3612 527 3663 quae
547 3598 707 3650 summas’
729 3613 751 3650 o.
771 3614 797 3664 q.
818 3614 838 3651 s.
