2648 3978
545 246 576 312 Q.
595 248 731 304 ENNIVS
1103 249 1163 313 69²

136 408 341 462 Trasumenum
369 407 475 474 lacum,
505 409 554 462 sed
582 409 619 463 ad
645 409 794 464 Semilium
821 409 952 463 uidimus.
991 407 1071 474 Quis
1099 408 1149 462 ibi

135 496 202 532 non
235 481 287 533 est
319 495 345 532 u.
379 479 399 532 f.
431 479 477 534 Ρ]
525 479 616 535 Schol.
652 480 772 536 Gronov.
804 480 835 534 in
867 479 922 535 cio.
956 479 974 536 1.
1008 479 1026 535 l.
1061 479 1149 535 ‘ferro

134 550 252 622 Frugio]
276 549 311 604 in
328 549 437 604 Ennio
464 550 546 604 haec
565 551 686 606 fabula
704 551 883 606 inducitur
901 549 1066 620 Achillis,
1085 568 1149 620 quo

135 625 291 691 tempore
321 624 465 690 propter
495 621 691 676 Briseidam
724 639 797 677 cum
824 622 963 676 Graecis
995 638 1149 692 pugnare

135 692 264 748 noluit.
283 709 348 761 quo
367 692 472 747 etiam
490 695 643 763 tempore
657 693 784 748 Hector
802 694 948 748 classem
967 710 1083 748 eorum
1098 693 1150 747 in-

136 763 261 818 cendit
299 764 337 817 In
364 763 427 818 hac
453 781 568 834 pugna
562 712 710 820 leixes
736 765 941 820 uulneratus
969 765 1155 819 inducitur

135 838 170 888 et
197 834 269 904 lug'
261 851 334 889 rens
363 835 404 889 ad
427 834 597 890 Achillem
625 836 729 891 uenit.
767 835 845 890 (lum
872 835 1150 906 interrogaretur

136 906 178 960 ab
201 853 321 972 Aigace'
346 905 494 976 (Achille
513 906 649 988 Berglrius
670 907 728 962 ind.
749 907 812 962 lect
833 906 975 977 Marffburg
995 910 1064 962 aest.
1081 912 1150 988 1844
1203 961 1205 968 ,

157 977 257 1046 ΧΠ),
291 978 366 1031 ‘cur
392 977 554 1046 fugisset
583 977 646 1032 ille
669 981 706 1033 ut
729 978 861 1032 celaret
884 978 1044 1033 dedecus:
1073 977 1149 1047 quis
1205 989 1207 996 ’

136 1049 226 1102 enim
248 1065 314 1103 non
322 1048 426 1118 '(add.
447 1048 622 1118 Schuetaius>
643 1050 861 1104 ‘uulneratus
880 1048 971 1103 ferro
989 1049 1148 1119 Frugro⁹

134 1120 273 1174 Referunt
290 1120 329 1174 ad
347 1119 519 1174 Achillem
537 1120 677 1176 fabulam:
696 1120 766 1174 mihi
784 1120 910 1175 monenti
929 1120 1015 1174 etiam
1033 1120 1063 1174 in
1081 1120 1150 1173 Her-

136 1191 208 1244 culis
236 1190 319 1245 lutris
346 1190 417 1245 haec
445 1190 538 1245 locum
564 1191 669 1246 habere
696 1191 823 1261 potuisse
847 1191 973 1246 adsensit
996 1191 1149 1246 Vahlenus.

136 1261 182 1330 (cs.
207 1261 272 1316 hist.
296 1263 553 1334 trug.ltom.119)
580 1262 800 1317 ‘Priamum
792 1280 902 1333 1psum
926 1264 1052 1318 senem’
1077 1279 1150 1330 quae

135 1332 223 1416 paulo
241 1336 307 1402 post
326 1333 402 1402 apud
421 1333 583 1388 Ciceronem
601 1334 735 1415 leguntur
753 1334 893 1403 quomodo
911 1333 1037 1403 potuerit
1054 1333 1150 1388 Vlixes

135 1405 167 1458 in
192 1404 291 1458 eadem
315 1404 442 1459 oratione
464 1403 588 1486 proferre
609 1423 666 1460 non
684 1404 782 1473 liquet
820 1404 854 1460 cf.
873 1404 1049 1460 Fleckeiseni
1067 1405 1149 1458 adh.

136 1474 155 1530 1.
176 1475 241 1530 adn.
279 1475 363 1530 Gertz
382 1475 456 1530 stud.
476 1475 564 1531 crit
556 1494 586 1529 m
605 1477 727 1532 Senecae
747 1476 813 1531 dial.
833 1495 859 1546 p.
876 1482 960 1545 susq

209 1617 251 1672 us
277 1635 335 1674 non
363 1622 406 1674 ess
435 1621 528 1676 suero
561 1620 808 1676 sarmatiaca
891 1606 996 1690 Brigio
1024 1620 1152 1674 aarum

136 1692 506 1832 {Qsffifrmriflgwm
523 1694 598 1747 aaut.
617 1694 678 1748 crit.
699 1696 732 1746 15
757 1694 864 1748 monuit
881 1693 950 1748 ocal.
971 1692 1025 1747 cu.
1044 1698 1152 1747 oratore

175 1805 182 1830 ‚
311 1805 317 1816 .

627 1933 658 1990 H

552 2050 741 2136 Eurypylus

138 2155 166 2221 0
193 2155 385 2242 Patricoles,
417 2156 457 2220 ad
487 2158 548 2222 uos
580 2157 752 2222 adueniens
782 2157 938 2222 auxilium
969 2159 1001 2221 et
1027 2155 1151 2219 uestras

780 2285 894 2328 manus

111 2368 232 2456 sPeto,
264 2369 355 2454 prius
387 2392 484 2454 quam
516 2370 633 2455 oppeto
661 2371 779 2435 mulam
806 2374 930 2455 pestem
957 2368 1142 2433 mandatam
1152 2380 1205 2428 315

305 2463 308 2470 Δ
549 2565 568 2607 *
721 2565 740 2606 *
778 2475 894 2541 hostili
914 2499 1020 2540 manu.

634 2609 653 2650 a

138 2670 253 2756 Neque
272 2673 403 2759 sanguis
421 2672 488 2737 ullo
507 2673 594 2757 p6tis
613 2676 662 2737 est
680 2675 775 2757 pacto
791 2673 955 2757 profluens
969 2671 1152 2737 consistere.

548 2778 568 2820 ‘lt
721 2779 740 2820 ²1⁸

634 2823 653 2864 ³l=

141 2883 176 2950 Si
199 2885 260 2970 qui
279 2886 437 2970 sapientia
459 2886 563 2972 magis
586 2890 694 2950 uestra
716 2887 803 2950 m6rs
827 2884 967 2950 deuitam‘
986 2865 1102 2970 potest.

138 2990 289 3076 Namque
311 2991 483 3076 Aesculapi
510 2992 688 3058 h'berorum
716 2992 815 3057 saucii
842 2993 974 3078 opplent
996 2989 1153 3076 porticus:

139 3096 215 3163 Non
238 3098 325 3183 potis
348 3100 463 3164 accedi.

634 3231 654 3272 *
721 3187 740 3228 *

648 3295 703 3379 qui
727 3295 821 3359 a'lteri
844 3295 979 3360 exitium
1001 3295 1108 3378 parat,
1154 3305 1207 3354 320

140 3400 226 3466 Eum
251 3401 332 3467 scire
356 3405 497 3488 oportet,
520 3401 584 3466 sibi
607 3404 753 3486 paratam
776 3403 899 3487 pestem
922 3405 959 3466 ut
981 3400 1153 3486 participet

779 3531 897 3592 parem.
