2682 3980
615 213 645 266 1..
666 212 793 268 ACCIVS

540 415 870 477 uPINAVSIMAcHu

696 542 712 600 I

202 643 248 709 Vt
269 647 368 728 mino,
391 665 463 707 cum
486 644 645 708 animatus
667 642 749 729 iero,
771 642 849 706 satia
872 642 1013 707 armitus
1035 663 1115 706 sum.
1161 705 1163 710 ,
1320 615 1321 704 i

273 764 478 832 Non.233,16
508 764 636 819 ‘anima
663 763 766 817 iterum
792 762 934 833 significat
960 761 1136 816 iracundiam
1162 761 1211 816 uel
1316 732 1321 784 A

203 835 337 903 furorem,
360 834 434 889 unde
457 838 486 890 et
506 835 627 890 animosi
645 834 776 888 dicuntur
793 833 922 888 iracundi
938 832 1095 890 Accius
1113 833 1212 886 Mena·

102 975 104 980 Ι
130 960 133 966 ,
203 906 280 977 lippo
296 905 428 962 ...idem
445 905 680 976 Epinausimache
696 907 748 960 ..·.’

274 1013 322 1068 Aa
340 1015 388 1068 at?
441 1015 474 1067 ut
490 1029 564 1067 nunc
583 1030 644 1067 sum
662 1030 697 1080 a,
716 1011 741 1065 ei
760 1011 819 1066 iero
834 1013 991 1080 Modoicae,
1009 1009 1158 1065 iamilitcr:
1176 1010 1213 1077 cf.

203 1083 303 1140 Ploatc'
320 1084 420 1140 Bacch.
436 1089 487 1138 942

676 1198 721 1262 ,Π

202 1298 303 1364 Proin
324 1303 361 1362 tu
384 1297 418 1362 id
441 1299 492 1362 cui
514 1299 585 1382 fiat,
607 1300 673 1363 non
696 1299 752 1383 qui
775 1298 874 1362 faciae
896 1299 1053 1381 compara.

151 1425 161 1436 “’
275 1407 347 1473 Non.
362 1424 423 1488 256,
438 1424 470 1472 37
493 1421 705 1488 ‘comparare
722 1418 826 1472 iterum
844 1419 1013 1473 aestimare!

686 1605 733 1663 III

152 1703 303 1789 310<At>
325 1706 437 1769 contra
460 1709 617 1789 quantum
641 1706 796 1791 obfueris,
819 1706 847 1770 si
869 1706 975 1770 uictus
996 1704 1072 1789 sies,

216 1810 403 1896 Considera,
426 1814 458 1874 et
481 1833 545 1895 quo
569 1813 699 1876 reuoces
722 1834 880 1876 summam
903 1811 1043 1876 exerciti.

277 1932 465 1999 Non.485,15
482 1931 645 1987 ‘exerciti
659 1933 706 1986 uel
720 1931 868 1988 exercituin
882 1949 933 2002 pro
947 1931 1094 1988 exercitus.
1112 1929 1214 1984 Accius

206 2003 355 2058 Anmorum
373 2002 479 2057 iudicio
551 2003 626 2058 idem
645 2003 909 2074 Epinausimace
924 2004 976 2058 ...'

277 2115 292 2162 1
311 2111 375 2179 fort.
394 2109 517 2164 obfuerit
687 2189 732 2249 IV

207 2289 300 2367 Quod
322 2291 354 2354 si
373 2291 530 2376 procedit,
552 2292 656 2376 ne'que
679 2295 836 2376 teneque
860 2311 1051 2375 quemquam
1075 2288 1216 2353 arbitror

207 2396 293 2462 Tuae
315 2397 520 2481 paeniturum
542 2397 659 2484 Inuidia,
682 2419 778 2483 quam
800 2401 838 2462 ut
860 2398 966 2460 seruos
988 2395 1070 2459 uide.

277 2517 349 2572 Non.
370 2523 460 2587 158‚3
481 2517 733 2586 ‘paeniturum’

698 2701 725 2758 V

206 2802 324 2868 Probis
347 2803 520 2888 probatum
542 2803 651 2888 potine
675 2825 771 2888 quam
793 2803 905 2868 multis
927 2802 996 2867 fore

277 2917 358 2978 Non.
366 2929 430 2993 519,
446 2928 471 3004 8Ι
487 2925 629 2986 ‘uetemm
650 2923 840 2979 memorabilis
859 2922 977 2977 scientia
994 2940 1147 2992 paucorum
1163 2941 1216 2977 nu-

208 3011 315 3049 merum
337 3011 387 3065 pro
405 2995 487 3049 boms
505 2994 641 3063 ponebat,
663 2995 789 3050 multos
808 2998 906 3049 contra
923 2993 1013 3048 malos
1032 2994 1217 3064 appellabant

97 3081 100 3087 ’
210 3066 367 3121 ...Accius
385 3065 473 3120 Tereo
544 3064 620 3119 idem
637 3065 927 3135 Epinausimache
943 3066 996 3121 ...’

279 3173 339 3227 fore
357 3174 397 3227 ed.
417 3176 487 3225 1480
504 3170 594 3226 forem
611 3192 632 3225 ω
686 3173 821 3242 probatus
837 3171 981 3227 ...forem
999 3172 1115 3241 IApsiae

690 3357 733 3416 VI

156 3476 208 3524 315
218 3458 301 3524 Item
324 3461 361 3523 ac
383 3459 577 3524 maestitiam
599 3462 723 3522 mutam
746 3457 906 3522 infantum
929 3458 1170 3543 quadiupedum

279 3579 351 3634 Non.
367 3586 391 3649 9,
407 3585 440 3634 25
461 3580 587 3634 ‘mutus
606 3577 821 3647 onomatopoeia
834 3580 878 3632 est
890 3577 1014 3633 incertae
1028 3578 1114 3650 uocis,
1134 3581 1217 3648 quasi
