2644 3982
405 569 449 652 n.
475 541 681 655 vluivs
705 571 889 657 svers

554 751 741 812 THVESTA

587 879 705 945 Atreus

612 988 676 1051 istm
699 987 767 1053 fero
790 988 1024 1074 infandissime,

142 1071 211 1138 Iam
234 1074 337 1138 fecere
360 1096 466 1161 cogor.

215 1213 305 1268 Schol.
329 1213 416 1268 Puris.
445 1213 610 1284 diligentius
637 1231 723 1282 quam
751 1219 835 1270 antea
862 1215 1033 1286 descriptum
1060 1235 1078 1271 e
1100 1217 1151 1272 Th.

143 1285 316 1338 Mommseno
331 1285 438 1354 ephem.
453 1285 675 1355 Morburg.1845
689 1304 715 1355 p.
728 1292 773 1342 84:
793 1287 908 1340 ‘lucum
921 1287 1049 1342 Tnvnsns
1062 1289 1151 1343 Vnnn.
1187 1333 1188 1336 η

143 1355 245 1410 Lusius
259 1353 361 1410 Varius
380 1358 565 1426 cognomento
582 1355 672 1410 Rufus
686 1356 828 1426 Thyesten
845 1358 1032 1428 tragoediem’
1048 1375 1072 1413 e.
1086 1376 1113 1427 q.
1128 1377 1149 1414 s.

144 1425 216 1481 Vide
233 1429 353 1494 queestt.
369 1443 460 1481 scaen.
475 1443 552 1482 mess
567 1427 634 1482 olim
648 1428 771 1482 ednexus
785 1447 812 1498 p.
828 1434 888 1484 347.
916 1429 989 1484 Aotu
1003 1433 1046 1484 est
1060 1447 1085 1484 a.
1102 1437 1151 1486 725

143 1496 218 1550 ludis
232 1497 450 1568 triumphalibus
465 1497 564 1552 Sextili
578 1515 679 1555 mense.
710 1498 899 1564 Quintilianus
912 1500 952 1554 III
966 1507 991 1570 8,
1001 1507 1035 1556 45
1051 1502 1152 1570 ‘neque

144 1567 220 1622 enim
247 1569 397 1637 quisquam
422 1571 466 1623 est
487 1573 547 1624 tem
569 1569 660 1624 melus
683 1573 715 1623 ut
737 1569 828 1624 uideri
851 1571 929 1628 uelit.
966 1571 1006 1627 sic
1030 1571 1153 1628 Catilina

145 1639 221 1708 apud
239 1639 405 1695 Sallustium
425 1639 563 1709 loquitur,
586 1644 694 1696 utrem
713 1641 940 1697 scelestissimam
957 1660 1015 1698 non
1032 1643 1152 1713 melitis,

145 1711 194 1765 sed
217 1710 412 1782 indignatione
435 1710 566 1766 uideatur
590 1713 704 1768 audere:
731 1711 771 1766 sic
794 1713 918 1768 Atreus
942 1715 1018 1784 apud
1036 1715 1153 1770 Verium

121 1830 123 1835 .
143 1781 202 1835 iam
219 1780 286 1850 fero,
305 1781 406 1851 inquit,
425 1782 632 1837 infandissima’
646 1801 676 1848 ¹e.
691 1803 716 1852 q.
732 1801 753 1837 s.

424 2001 477 2060 EX
499 2001 684 2063 INGERTIS
707 2003 876 2063 FABVLIS

641 2137 656 2194 I

614 2246 755 2330 primum
778 2246 854 2311 huie

118 2344 122 2350 ’
198 2348 317 2414 Neruis
340 2353 462 2434 septem
486 2353 535 2414 est
557 2351 681 2415 intente
703 2351 782 2416 fides

199 2455 354 2541 Variique
377 2457 444 2541 epti
467 2461 584 2521 uocum
605 2457 729 2522 moduli

641 2563 661 2606 s

199 2607 251 2717 Ad
274 2653 355 2737 quos
377 2653 489 2716 mundi
512 2654 642 2718 resonuit
664 2675 763 2718 canor
784 2655 818 2717 in

146 2778 159 2818 t
200 2759 347 2846 Vestigie
369 2781 410 2823 se
426 2781 484 2824 sue
506 2761 677 2825 uoluentis.

217 2896 322 2950 Marius
341 2895 501 2951 Victorinus
520 2898 595 2955 OGL.
614 2899 653 2954 VI
667 2906 701 2954 60
718 2899 752 2955 Κ.
782 2901 963 2954 ‘concentum
980 2901 1078 2954 mundi
1095 2919 1156 2956 our-

147 2983 263 3091 ῗίᾳὲᾈὲιιθ
285 2967 399 3023 imitans
422 2969 522 3023 chorus
546 2970 667 3024 tenebat
681 3015 686 3025 .
699 3015 722 3025 ..
738 2970 772 3024 de
796 2988 853 3039 qua
870 2987 900 3025 re
918 2971 1021 3026 Verius
1040 2971 1080 3026 sio
1098 2975 1156 3027 tre·

168 3054 178 3090 1
199 3055 208 3090 1
238 3040 289 3092 ...’

219 3163 315 3233 tepti
336 3163 556 3220 Seluoeidesoiuus
579 3165 677 3220 addita
696 3166 757 3221 Pul.
777 3166 843 3222 Por.
868 3161 959 3220 additi
977 3169 1017 3223 ed.
1032 3186 1077 3238 pr.
1097 3168 1158 3224 deti

148 3234 267 3288 Botlius
328 3235 436 3289 moduli
454 3238 572 3292 Bottius
589 3237 666 3291 modi
685 3257 714 3291 ω.
752 3237 868 3306 Propter
885 3238 992 3293 liutem
1005 3247 1069 3308 post
1085 3241 1159 3296 tuoto

148 3323 172 3359 o.
197 3306 325 3360 laetorum
346 3310 444 3376 uates,
468 3311 500 3362 tn
522 3327 577 3378 quo
598 3317 688 3364 motus
711 3309 786 3364 chori
807 3311 951 3366 memorwri
964 3316 1094 3378 poteram
1111 3313 1156 3380 (of.

149 3377 239 3432 coroll.
267 3375 355 3429 LXIII
366 3381 416 3447 sq.)
443 3378 570 3446 ueriique
601 3379 679 3434 modi
710 3395 812 3434 uocum
831 3423 837 3436 .
853 3424 859 3435 .
877 3382 918 3436 ool
945 3380 1073 3449 uariique
1100 3381 1160 3435 edii

149 3463 251 3501 uocum
272 3449 366 3500 motus
385 3449 447 3504 Rue
513 3453 629 3504 4tenor
652 3452 692 3506 ed.
708 3467 753 3520 pr.
817 3455 880 3520 tsq.
900 3468 951 3505 sua
970 3467 999 3504 se
1015 3451 1159 3507 uoluentis

148 3518 179 3572 in
206 3516 329 3587 uestigia
356 3540 391 3586 ω,
422 3523 539 3576 correxit
566 3521 635 3576 Rue.
672 3521 702 3574 in
730 3521 787 3576 Sue
814 3537 844 3575 se
870 3521 994 3593 uestigio
1020 3522 1160 3579 uoluentis

149 3589 369 3646 &Modestinus
