2682 3980
156 190 238 276 '168
589 211 619 265 L.
638 209 764 264 Aoorvs

656 379 703 437 III

121 498 153 547 7⁵
173 482 258 560 Quid
280 485 346 546 tam
371 480 607 546 obscuridioum
630 485 679 544 est
701 481 808 544 timue
831 478 1055 544 inenodabile?

243 603 314 658 Non.
324 609 374 673 15,
389 609 423 657 10
441 603 565 656 ‘enoda
579 601 721 671 significat
735 600 856 670 explana
871 644 876 656 .
889 642 913 654 ..
928 599 1029 654 Accius
1043 600 1185 669 Eurysace

231 673 307 728 idem
324 672 529 730 Alfesiboea
545 675 598 729 ...’

243 779 312 849 quid
330 780 401 835 itam
420 782 459 836 W
473 780 522 849 qui
540 779 583 834 iia
596 779 623 833 L
692 777 899 832 obscuridicum
913 779 1055 834 Morccras
1073 777 1185 832 obscuri

173 852 271 906 dicuni
285 874 306 907 ω
361 851 429 920 quid
447 851 507 907 iia?
526 854 621 906 iamne
641 849 758 904 obscure
777 848 884 902 dictum
903 852 946 904 esi
964 851 1083 904 Botbios
1118 885 1120 890 ,

654 983 699 1042 IV

173 1084 208 1150 Si
231 1084 283 1150 tui
303 1088 434 1150 ueretur
457 1086 490 1150 ie'
511 1082 742 1170 progenitoris,
765 1084 850 1148 cedo.

242 1206 314 1260 Non.
330 1211 426 1275 497,2
452 1206 532 1258 ‘cum
556 1203 608 1261 sii:
636 1208 776 1259 uerebar
797 1205 878 1258 illam
901 1222 960 1259 rem
975 1249 980 1260 .
997 1248 1003 1261 .
1019 1251 1024 1260 .
1040 1205 1183 1261 ueteribus

171 1277 335 1348 genetiuum
352 1294 403 1347 pro
423 1275 585 1331 accusabiuo
604 1277 672 1346 poni
690 1276 785 1346 placei
800 1278 853 1332 ...²

663 1408 691 1464 V

172 1562 178 1574 .
203 1562 209 1574 .
234 1561 240 1574 .
264 1509 320 1574 sed
342 1509 403 1574 sibi
427 1508 546 1573 calibim
570 1512 619 1573 esi
642 1509 822 1574 adeundum
846 1510 886 1573 ad
908 1510 1023 1574 uirum.

241 1630 314 1685 Non.
329 1635 389 1700 512,
406 1635 439 1683 10
460 1629 604 1683 ‘cautim
621 1646 672 1699 pro
692 1631 794 1685 caute!

242 1736 292 1789 sed
309 1734 359 1788 ubi
378 1735 484 1789 cautim
502 1738 545 1790 esi
564 1735 601 1790 ad
620 1736 741 1790 eundem
758 1737 805 1792 Ba

655 1869 699 1926 VI

169 1969 215 2034 Aa
250 1971 378 2054 ue'reor,
415 1991 487 2034 cum
519 1972 551 2033 te
584 1991 651 2034 csse
682 1967 888 2035 'Alcimeonis
921 1971 1054 2036 fratrem
1086 1973 1181 2038 factis

808 2077 932 2141 de‘dicai

240 2143 312 2217 ian}
328 2168 420 2231 asor
441 2161 618 2216 ‘dedicare
636 2194 672 2202 -
689 2163 735 2202 ..ν

240 2272 271 2325 ab
289 2271 393 2324 anios
411 2268 448 2322 ad
468 2290 488 2322 ω
561 2267 731 2322 AIcimeonis
749 2271 859 2324 restitui
877 2268 1020 2323 Almeonis
1040 2292 1061 2326 ω
1133 2271 1181 2324 de·

170 2341 248 2395 dicas
267 2341 385 2396 Botbias

644 2419 704 2477 VII

171 2519 252 2584 Cum
269 2520 340 2605 ipsa
358 2519 471 2584 simitu
488 2518 680 2585 miseriiudo
698 2520 844 2586 meorum
861 2520 951 2585 nulla
970 2523 1018 2585 est
1031 2519 1180 2588 hberum.

239 2640 310 2695 Non.
328 2647 431 2710 136,19
448 2641 707 2696 ‘miseribudine
726 2658 776 2712 pro
790 2640 904 2696 miseria
918 2641 964 2694 uel
978 2640 1179 2696 misericordia.

168 2711 473 2853 pppipngppgyanacte
494 2756 545 2768 ...
565 2713 641 2766 idem
672 2711 906 2783 Alphesiboea
925 2753 931 2767 .
948 2709 992 2767 .'.'
1031 2711 1181 2782 (Alpesi-

240 2887 336 2942 simitu
350 2891 468 2945 Roscios
482 2883 583 2944 simeia
598 2912 619 2946 ω
669 2907 732 2944 cum
746 2892 809 2960 ipsa
822 2889 875 2944 sim
888 2889 930 2944 iba
943 2890 1006 2943 Bac
1055 2905 1181 2944 meorum

173 2961 285 3015 Vossius
303 2976 399 3014 eorum
418 2983 439 3015 ω
493 2961 572 3015 nulla
591 2962 725 3017 Heinsius
743 2961 822 3030 pulla
841 2962 876 3046 H
891 2960 950 3014 ulla
969 2981 990 3030 φ

635 3093 709 3152 VIII

114 3210 148 3259 80
212 3192 239 3259 Ο
264 3193 433 3278 dirumque
456 3194 704 3279 hostificsimque
728 3195 825 3280 diem,
849 3217 867 3260 o

114 3309 163 3366 80²
213 3299 290 3364 Vim
313 3302 441 3365 torusm
464 3303 585 3386 aspecti
609 3305 706 3386 atque
728 3300 931 3366 horribilem!

237 3422 308 3476 Non.
325 3427 390 3490 485,
406 3427 438 3474 25
465 3422 613 3492 ‘aspecti
636 3440 687 3492 pro
709 3426 847 3494 aspectus.
885 3422 985 3477 Accius
1004 3423 1179 3493 Astyanacte

225 3491 300 3547 idem
318 3491 521 3548 Alfcsiboea
537 3494 590 3550 ...’

239 3606 253 3654 1
279 3617 295 3654 o
324 3599 470 3668 dirumque
500 3607 724 3669 anapaestorum,
753 3617 818 3670 quos
848 3600 998 3671 Geppcrtas
1024 3609 1180 3670 agnoverat,
