2662 3978
214 199 275 262 128
309 273 312 278 Ι
596 199 632 252 n.
651 198 830 253 Pacuvius

212 362 433 448 indignaretur
460 383 499 426 ex
525 365 697 427 matertera
724 384 781 426 sua
807 361 930 427 Semele
957 361 1102 448 genitum
1125 359 1221 425 Libe-

212 490 284 532 rum
306 471 431 553 patrem
454 469 516 533 coli
540 473 705 553 tamquam
724 469 826 554 deum,
848 473 886 532 ut
903 468 1044 553 primum
1062 467 1222 552 comperit

213 595 286 638 eum
318 574 353 638 in
381 572 571 639 Cithaerone
598 579 707 640 monte
735 597 815 660 esse,
848 575 937 640 misit
963 575 1130 658 satellites,
1161 574 1223 658 qui

214 701 286 744 eum
309 681 454 746 uinctum
477 681 517 744 ad
539 703 572 746 se
594 681 811 765 perducerent.
855 682 911 766 qui
934 702 1007 745 cum
1030 681 1135 765 ipsum
1152 702 1224 745 non

213 787 422 872 inuenissent,
449 810 549 852 unum
578 809 616 852 ex
640 787 811 852 comitibus
834 788 902 853 eins
924 786 1067 854 Acoeten
1090 790 1223 871 captum

214 893 254 958 ad
279 893 458 958 Pentheum
485 893 711 980 perduxerunt.
756 895 784 958 is
812 916 885 959 cum
913 895 951 958 de
976 916 1013 958 eo
1036 894 1222 980 grauiorem

213 1023 350 1086 poenam
367 1001 584 1086 constitueret,
602 1002 696 1066 iussit
712 1023 785 1066 eum
799 1001 929 1066 interim
942 1000 1047 1065 claudi
1060 1001 1223 1065 uinctum:

213 1128 349 1192 cumque
374 1111 487 1192 sponte
510 1129 567 1172 sua
591 1112 623 1172 et
644 1109 779 1172 carceris
801 1107 886 1172 fores
909 1111 1036 1191 apertae
1059 1110 1163 1171 essent
1186 1111 1223 1172 et

213 1214 342 1278 uincula
369 1212 483 1278 Acoeti
514 1214 718 1300 excidissent,
748 1215 883 1280 miratus
910 1213 1072 1279 Pentheus
1098 1216 1222 1298 specta-

213 1324 305 1385 turus
323 1341 412 1384 sacra
432 1320 539 1385 Liberi
557 1322 657 1406 patris
676 1320 868 1386 Cithaerona
885 1320 979 1405 petit:
998 1341 1093 1405 quem
1112 1320 1222 1385 uisum

213 1426 356 1490 Bacchae
375 1426 617 1512 discerpserunt.
653 1429 757 1513 prima
775 1431 881 1492 autem
899 1425 1012 1512 rigam
1030 1430 1133 1491 mater
1151 1428 1223 1492 eius

214 1536 394 1616 amputasse
417 1538 513 1619 caput
535 1535 665 1620 dicitur,
687 1535 787 1599 feram
811 1555 877 1598 esse
901 1532 1107 1598 existimans?

285 1655 318 1709 cf.
337 1654 479 1724 Euripidis
498 1656 625 1710 Bacchae
644 1659 673 1710 et
692 1654 786 1709 Ovidii
804 1658 916 1709 metam.
936 1655 975 1708 111
989 1660 1039 1709 511
1051 1673 1110 1723 sqq.

616 1875 818 1936 PERIBOEA

708 2001 723 2058 I

305 2101 433 2164 ardua
455 2123 512 2186 per
535 2101 605 2166 loca
628 2102 766 2188 agrestia
788 2125 844 2187 pes
935 2177 938 2186 ¹

303 2207 495 2292 Trepidante
519 2208 621 2294 gradu
643 2207 760 2273 nititur
784 2261 790 2273 .
814 2261 822 2272 .

285 2329 356 2384 Non.
376 2335 436 2397 553,
453 2335 486 2384 14
506 2328 588 2384 ‘niti
605 2347 714 2383 rursum
732 2329 896 2386 ambulare'

264 2509 269 2520 ¹
287 2441 349 2520 laq.
368 2444 530 2517 anapaestos
547 2437 791 2516 apaoaityosaias.
857 2443 871 2490 1
887 2438 1014 2518 ¹agrestia
1032 2455 1081 2509 pes
1088 2441 1152 2564 §ael
1170 2440 1223 2511 sic)
1312 2487 1313 2490 ,

151 2539 154 2548 ν
215 2524 312 2578 sarapta
331 2511 454 2578 agresta
473 2525 505 2562 ac
524 2520 546 2577 ψ
566 2509 671 2577 agresta
691 2523 723 2561 ac
741 2507 770 2560 Β
789 2510 967 2577 agrestisque
987 2527 1069 2581 aegre
1116 2528 1150 2566 aa

699 2675 731 2732 Π

305 2825 311 2838 .
336 2825 344 2838 .
367 2796 545 2860 corpusque
568 2779 675 2840 meum
698 2776 756 2840 tali

163 2893 214 2942 275
305 2879 449 2945 Maerdre
472 2903 578 2946 errore
599 2883 726 2947 macore
749 2887 846 2948 senet.

286 3001 358 3057 Non.
379 3008 467 3071 13⁷‚1
489 3003 635 3056 ‘macore
654 3021 704 3073 pro
723 3005 832 3058 macie!

287 3115 301 3163 1
321 3107 386 3180 tali]
404 3108 470 3162 tabe
489 3110 529 3164 ed.
545 3114 613 3163 1526
630 3112 675 3179 (cf.
690 3113 779 3166 coroll.
794 3111 877 3181 XLV)
932 3118 947 3164 2
967 3127 1042 3166 error
1060 3111 1087 3166 L
1105 3127 1223 3181 aegrote

216 3181 418 3236 Lachmaaaas.
456 3181 490 3246 cf.
510 3181 701 3236 Plauti'Rad.
717 3187 769 3236 215
788 3183 888 3252 (caroli.
908 3181 991 3252 XLV)

696 3349 742 3407 HI

216 3447 313 3534 Lapit
335 3470 390 3512 cor
413 3469 502 3533 cura,
525 3454 676 3514 aerumna
698 3471 813 3534 corpus
837 3414 974 3516 coniicit.

286 3570 358 3624 Non.
373 3575 415 3639 23,
431 3575 447 3623 8
468 3569 572 3639 ‘lapit
591 3569 730 3640 significat
749 3571 924 3627 obdurefacit
943 3575 971 3627 et
989 3573 1114 3642 lapidem
1131 3573 1223 3628 facit?
