2644 3982
549 231 578 286 L.
598 230 723 286 ACCIVS
1075 230 1138 294 257

612 400 655 457 XI

172 483 227 568 An
249 501 327 566 hado
350 502 415 566 iam
438 501 533 566 oblili
556 503 632 564 srinl
654 499 823 586 Phryges?
1142 517 1193 566 osu

201 624 316 677 Rufinus
336 623 371 677 de
390 621 487 676 metris
505 622 615 676 Terent.
634 620 711 676 GGL.
725 621 764 674 VI
778 625 830 674 556
848 620 880 674 Κ.
907 621 1011 676 ‘Varro
1029 621 1059 675 in
1076 621 1140 678 VII:

127 695 271 750 clausulas
294 710 405 762 quoque
429 693 550 762 primum
571 691 729 762 appellatas
748 691 858 760 dicunt,
882 692 958 760 quod
976 693 1142 748 clauderenl

131 765 308 834 sententiam,
328 767 360 819 ut
379 765 455 835 apud
473 765 601 820 Accium:
621 781 657 818 an
677 763 758 817 haec’
779 779 802 816 e.
822 780 848 831 q.
869 781 890 818 s.

201 873 307 942 Bruges
326 873 492 927 Bitschela'ue
608 949 666 1007 ΧΠ

131 1106 137 1118 .
175 1039 182 1116 .
223 1106 226 1110 .
265 1073 331 1116 non
354 1051 456 1115 callida
479 1051 573 1116 latice
597 1051 704 1114 lautus
741 1101 926 1115 .....

201 1172 362 1226 Priscianus
385 1187 412 1240 p.
423 1157 480 1224 '658
494 1170 523 1224 P.
555 1168 714 1224 ‘sciendum
739 1172 834 1224 lamen
858 1170 933 1238 quod
956 1170 1142 1226 uetustissimi

130 1245 161 1298 in
192 1243 301 1313 multis,
334 1245 367 1296 ul
394 1241 529 1309 diximus,
562 1257 646 1311 supra
674 1240 814 1295 dicturum
842 1241 1073 1296 teminalionum
1100 1243 1142 1298 in·

130 1315 282 1370 ueniunlur
305 1312 464 1368 confudisse
485 1328 588 1382 genera
604 1357 608 1366 .
622 1356 644 1366 ..
659 1311 706 1366 hic
724 1315 753 1366 et
771 1312 841 1366 haec
857 1356 898 1368 ...
913 1312 1009 1367 latex
1027 1313 1141 1369 Accius:

130 1387 202 1441 non’
223 1403 246 1440 e.
266 1404 292 1454 q.
313 1403 334 1439 s.

601 1463 675 1521 XIII

567 1562 710 1628 Achilles

131 1671 244 1737 'Immo
278 1673 363 1736 enim
395 1693 473 1736 uero
504 1672 619 1754 cdrpus
645 1669 774 1734 Priamo
802 1671 939 1755 re'ddidi,
971 1670 1144 1738 Hectorem

771 1777 899 1842 abstuli.

207 1899 301 1954 Cicero
320 1899 401 1953 Tusc.
421 1898 492 1968 disp.
512 1899 585 1966 144,
602 1904 652 1952 105
678 1897 793 1952 ‘melius
815 1897 915 1954 Accius
938 1901 968 1952 el
991 1898 1144 1967 aliquando

137 1969 248 2040 sapiens
268 1969 436 2025 Achilles:
456 1969 552 2022 immo’
573 1985 597 2023 s.
616 1987 642 2037 q.
662 1987 683 2022 s.

206 2077 328 2130 Heclora
352 2077 577 2144 Nieberdiaya'as:
600 2077 635 2142 ef.
659 2077 712 2128 iac.
731 2077 788 2142 fob.
810 2076 951 2130 XXXVI
964 2078 1017 2130 lac.
1038 2078 1091 2130 iac
1112 2081 1144 2129 61
1244 2131 1246 2136 ,

608 2207 678 2264 XIV

136 2309 205 2374 Iam
228 2308 311 2372 hano
333 2309 447 2372 urbem
469 2307 554 2372 ferro
577 2309 702 2372 udstam
726 2307 822 2372 faciet
844 2307 966 2373 Peleus.

156 2471 158 2478 .
208 2421 307 2476 Festus
330 2440 356 2491 p.
377 2427 428 2474 372
448 2421 485 2475 M.
519 2421 672 2474 ‘uastum
690 2453 725 2459 -
743 2453 779 2460 -
796 2420 909 2476 Accius:
938 2421 1010 2475 iam’
1037 2439 1059 2476 e.
1079 2440 1105 2490 q.
1126 2440 1146 2476 s.

137 2494 241 2548 Paulus
260 2511 287 2562 p.
307 2498 358 2546 373
377 2492 414 2546 Μ.
454 2493 603 2545 ‘uastum
626 2507 841 2561 praemagnum,
863 2491 978 2562 ponilur
1000 2497 1096 2547 tamen
1119 2485 1148 2547 el

139 2581 189 2634 pro
208 2564 295 2630 inani.
333 2562 447 2618 Accius:
467 2562 553 2616 hanc
569 2561 753 2618 ...facisl’

208 2662 308 2716 persus
326 2662 500 2731 trisyllabum
517 2677 549 2714 a:
568 2663 602 2728 cf.
622 2661 712 2715 carza.
731 2661 806 2714 nxu
866 2634 868 2638 ’

617 2793 672 2851 XV

299 2876 514 2962 quadrurbem

210 2990 309 3044 Festus
327 3008 354 3059 p.
374 2995 425 3044 258
440 2990 477 3043 Μ,
507 2989 750 3057 ‘quadrurbem
772 2991 897 3046 Athenas
920 2990 1021 3045 Accius
1053 2990 1149 3060 appel-

141 3060 226 3129 lauit,
251 3060 327 3128 quod
350 3059 458 3114 scilicet
478 3075 513 3114 ox
531 3059 582 3113 IIII
601 3059 716 3114 urbibus
736 3062 766 3114 in
784 3079 870 3116 unam
888 3061 1033 3116 domicilia
1052 3065 1150 3116 contu·

141 3132 246 3200 lemni,
273 3132 416 3186 Braurcne
444 3130 576 3186 Eleusine
603 3130 703 3185 Piraeo
732 3132 838 3187 Sunio’
877 3133 981 3186 Paulus
1000 3151 1028 3202 p.
1046 3137 1097 3186 259
1111 3132 1149 3188 M.

142 3202 379 3272 ‘quadrurbem
397 3203 522 3256 Athenas
541 3201 642 3257 Accius
661 3202 832 3271 appellauit’
852 3220 875 3258 e.
895 3221 921 3273 q.
941 3223 962 3258 s.

213 3299 394 3367 quadrurbem
414 3301 520 3354 Paulas

609 3379 680 3438 XVI

142 3533 148 3546 .
187 3532 193 3546 .
231 3531 237 3544 .
277 3530 283 3544 .
320 3481 457 3576 quorum
481 3479 609 3566 genitor
630 3481 733 3545 fertur
757 3504 824 3546 csse
847 3505 905 3567 ops
927 3481 1079 3569 gentibus

213 3599 373 3656 Priscianus
395 3619 422 3670 p.
443 3605 494 3654 762
513 3601 543 3654 Ρ.
583 3602 783 3658 ‘uetustissimi
810 3607 906 3660 tamen
934 3604 1021 3659 etiam
1048 3602 1094 3656 hic
1123 3605 1151 3657 el

196 3702 280 3743 Senon.
294 3713 355 3750 poor.
371 3701 436 3741 Rom.
450 3700 530 3750 fragm.
545 3701 579 3741 ed.
594 3701 709 3744 annnox.
960 3697 992 3745 17
