2662 3978
186 211 227 274 74
598 208 629 274 Q·
648 208 784 265 ENNIVS

183 370 282 426 stabat
298 369 499 438 Neoptolemus
518 369 605 437 Enni,
629 370 678 438 qui
697 385 730 424 se
749 369 792 425 ait
810 368 989 424 filosofari
1007 368 1113 437 uelle,
1140 370 1195 422 set

181 440 314 511 paucis:
342 457 418 494 nam
441 439 576 494 omnino
600 440 690 495 haud
713 440 870 510 plaeere!
895 443 931 510 (o)
950 439 1057 495 Gellius
1076 439 1102 493 V
1118 444 1193 508 1o,e

184 511 359 566 ‘Ennianum
381 511 598 581 Neoptolemum
620 511 823 582 probabamus,
851 511 900 580 qui
922 511 1048 580 profecto
1071 509 1114 566 ita
1137 510 1193 567 aits

181 582 496 664 philosophandum
518 585 570 637 est
592 583 726 652 paucis:
748 599 827 637 nam
850 581 985 638 omnino
1008 581 1100 637 haud
1116 581 1193 706 pla·

182 654 255 708 aet’
293 653 402 708 Ibidem
422 660 499 722 1e‚o
530 653 726 723 ‘eiusdemque
753 653 830 708 illius
858 652 982 707 Enniani
1003 653 1115 722 Neopto
1128 652 1193 722 emi,

183 726 287 795 dequo
302 742 386 794 supra
401 723 570 795 scripsimus,
585 725 703 780 oonsilio
717 725 853 780 utendum
867 727 919 794 est,
938 723 988 792 qui
1004 724 1194 794 degustan-

182 796 258 850 dum
281 813 319 850 ex
342 795 567 866 philosophia
590 798 719 866 censet,
742 813 808 850 non
827 795 861 849 in
880 812 952 850 eam
970 795 1193 866 ingurgitan-

182 868 277 922 dum.'
298 868 337 937 (d)
359 868 441 922 Vnde
464 867 532 921 olim
554 867 642 922 talem
666 884 790 923 versum:
813 867 1193 937 degustassemus,

181 955 247 992 non
270 938 305 992 in
328 955 400 993 eam
422 938 708 1009 ingurgitandum
730 941 852 993 censeo
872 937 1055 993 adiunxeram
1074 938 1111 992 ad
1130 943 1192 1006 340,

183 1011 232 1064 sed
260 1026 343 1080 aegre
367 1010 543 1064 desideratur
564 1009 761 1081 philosophiae
783 1026 885 1064 nomen
908 1009 946 1063 ad
969 1010 1045 1078 quod
1068 1025 1106 1063 ee
1127 1026 1194 1078 pro·

181 1097 283 1135 nomen
301 1080 398 1135 referii
415 1080 518 1150 possit:
537 1080 634 1150 itaque
648 1080 803 1136 Merohlino
823 1080 956 1148 concessi,
975 1079 1024 1148 qui
1040 1079 1071 1134 iu
1085 1079 1191 1135 annall.

180 1151 290 1222 philoll.
310 1151 444 1222 supplem.
463 1151 503 1205 ΙΠ
518 1155 568 1206 668
589 1151 681 1206 Gellio
702 1152 773 1206 haee
791 1151 976 1221 relinquenda
994 1167 1055 1206 esse
1074 1150 1192 1205 censuit.

179 1223 316 1293 Apuleius
336 1223 371 1277 de
389 1222 485 1293 magia
503 1229 575 1278 (113
593 1242 620 1293 p.
636 1228 688 1278 415
704 1223 774 1278 Oud.
796 1225 841 1278 ‘ne
860 1240 913 1294 ego
931 1238 1044 1277 neeesse
1060 1222 1191 1290 habeam,

181 1297 279 1350 eontra
303 1293 473 1348 sententiam
490 1293 673 1365 Neoptolemi
690 1294 813 1350 Enniani
830 1293 958 1364 pluribus
976 1292 1191 1363 philosophari’

181 1369 217 1436 (e)
237 1365 276 1421 Cf.
296 1364 424 1420 Platonis
441 1364 561 1434 Hippias
579 1365 670 1420 maior
687 1384 714 1435 p.
730 1370 781 1420 286
796 1366 827 1421 B.
865 1365 963 1419 Tribui
980 1381 1063 1434 posse
1082 1364 1192 1419 Andro-

180 1437 298 1562 sssaeme
321 1436 436 1490 fabulae
456 1436 553 1490 monui
571 1436 602 1490 in
620 1439 728 1506 quaest.
748 1453 821 1492 seen.
839 1455 867 1507 p.
882 1441 942 1492 268.
979 1435 1015 1490 cf.
1034 1435 1099 1490 hist.
1118 1439 1191 1505 trag.

206 1525 259 1562 om.
279 1512 339 1563 140.

250 1631 445 1702 philosophari
463 1635 507 1688 est
524 1632 595 1686 mihi
613 1648 740 1702 neeesse,
759 1635 790 1687 at
809 1633 931 1700 Vossius,
951 1633 985 1700 cf.
1001 1649 1026 1688 a.
1046 1650 1084 1687 au
1099 1631 1192 1702 philo·
1269 1662 1272 1668 ·

180 1702 324 1773 sopharier
341 1707 500 1759 necessest?
565 1703 823 1773 philosophandum
841 1706 896 1773 est,
916 1704 965 1758 sed
984 1704 1103 1760 Baebius
1121 1723 1155 1760 eu
1173 1707 1192 1760 d

179 1774 250 1828 mihi
268 1774 525 1844 philosophandum
544 1778 588 1830 est
605 1775 742 1831 Davisius

650 1943 722 2002 XIV

123 2045 299 2111 suardus
322 2049 409 2110 tesca
431 2067 543 2129 aspera
566 2045 643 2109 saxa
666 2049 748 2109 tuor.

248 2185 347 2239 Festus
365 2203 391 2254 p.
407 2189 468 2251 356,
483 2190 516 2238 23
531 2184 568 2238 M.
588 2184 741 2238 seeundum
755 2183 925 2238 Vaticanum
939 2183 964 2236 R
981 2186 1054 2238 teste
1071 2184 1190 2238 Momm-

179 2273 245 2311 seno
268 2255 298 2309 in
321 2273 419 2310 comm.
443 2255 523 2310 asad.
546 2255 668 2310 Berolin.
692 2272 717 2310 a.
734 2259 803 2308 1864
821 2273 847 2324 p.
864 2259 899 2308 64
924 2255 1045 2324 ‘templa
1070 2255 1189 2324 antiqua

125 2345 128 2354 “
178 2330 273 2382 tesca
301 2343 361 2381 esse
384 2326 426 2381 eii
449 2327 546 2381 euero'
573 2327 600 2395 (i.
621 2342 644 2382 e.
671 2325 782 2381 ‘Cicero
805 2327 899 2396 uero’)
920 2327 1037 2397 ‘aspera
1060 2326 1188 2382 difficilia

179 2398 266 2452 aditu.
303 2397 444 2453 Ennius:
463 2399 570 2452 ardua
588 2414 711 2468 aspera
730 2415 811 2452 saxa
829 2397 926 2451 tuor.’
965 2397 1118 2451 seeundum
1135 2398 1188 2451 Vr·

178 2468 283 2523 sinum:
304 2467 425 2536 ‘templa
444 2469 562 2537 antiqua
579 2473 582 2539 Ι
599 2470 702 2541 [deum.
727 2468 822 2524 Cicero
842 2469 920 2541 u]ero
940 2484 1041 2538 aspera
1059 2467 1188 2524 difficilia

178 2538 259 2592 aditu
275 2541 279 2610 Ι
296 2538 381 2610 [dixit
403 2557 466 2594 cum
487 2540 529 2595 ait
547 2540 635 2612 lo]oa
654 2556 776 2610 aspera
795 2555 877 2593 saxu
895 2541 991 2593 tesca
1009 2540 1105 2595 tuor.’
1146 2539 1186 2596 of.

177 2609 281 2664 Paulus
316 2611 426 2665 ‘tesca
455 2611 519 2666 loca
547 2611 666 2682 augmio
694 2611 851 2692 designata.
893 2609 989 2665 Oieero
1018 2626 1118 2679 aspera
1146 2611 1189 2666 ait

178 2697 238 2735 esse
257 2683 287 2736 et
305 2681 452 2737 difficilia!
481 2681 619 2751 Enniana,
638 2699 711 2751 quae
728 2681 797 2736 ohm
810 2681 884 2735 inter
896 2681 1004 2736 ineerta
1017 2681 1189 2737 insertarum

177 2751 338 2808 fabularum
356 2753 508 2822 latuerunt,
526 2756 645 2822 possunt
663 2753 750 2808 fuisse
770 2769 803 2807 ex
821 2752 1009 2807 Andxomeda.

248 2879 313 2933 olim
330 2876 394 2931 loca
413 2893 464 2947 ego
484 2893 584 2946 aspere
603 2893 688 2932 saxea
706 2880 785 2931 tesca
802 2879 867 2931 tuor
885 2879 1037 2945 edideram,
1058 2879 1190 2950 equibus

178 2964 263 3002 saxea
281 2950 406 3004 debebam
422 2949 452 3003 0.
468 2948 611 3003 Muellero.
639 2949 687 3002 Au
705 2948 794 3002 ardua
813 2965 881 3002 saxa
900 2965 999 3018 aspera
1013 2951 1091 3002 tesca
1105 2952 1187 3005 tuor?

657 3115 713 3173 XV

178 3267 404 3283 ........
426 3217 503 3304 ager
526 3216 674 3301 oppletus
696 3215 851 3282 imbrium

176 3323 323 3390 Fre‘mitu

249 3445 361 3501 Servius
379 3445 450 3500 Dan.
470 3444 500 3498 in
518 3444 602 3516 Verg.
622 3445 669 3502 Ge.
686 3445 748 3499 112
773 3445 964 3516 ‘frementem
984 3444 1059 3512 quod
1078 3447 1188 3500 ueteres

178 3534 321 3571 murmura
342 3532 433 3584 aquae
456 3515 630 3571 fremitum
650 3516 790 3572 dicebant.
828 3514 948 3569 Ennius:
972 3516 1054 3585 ager'
1076 3531 1145 3583 eq.
1165 3535 1188 3572 s.

178 3589 214 3644 Et
231 3589 285 3643 hoe
304 3589 334 3643 et
351 3604 469 3657 sequens
488 3587 521 3641 fr.
541 3588 638 3643 referri
655 3590 750 3658 potest
768 3586 806 3642 ad
823 3585 1038 3640 Andxomedam.
1130 3653 1131 3657 Ἰ
