2644 3982
191 204 256 268 286
365 203 414 258 EX
431 203 598 259 INGERTIS
616 203 856 259 INCERTORVM
874 205 1025 261 TABVLIS

263 365 358 420 Cicero
376 365 457 419 Tusc.
477 365 548 433 disp.
568 365 605 417 111
621 371 667 434 13,
683 371 716 418 28
737 364 879 418 ‘uidentur
898 365 973 418 enim
991 364 1086 419 omnia
1103 381 1200 434 repen-

191 436 252 490 tina
271 436 409 505 grauiora.
438 452 472 488 ex
490 436 543 489 hoc
562 438 590 490 et
603 435 655 488 illa
668 435 728 490 iure
742 436 905 492 laudantur:
925 453 985 505 ego
1005 436 1091 489 oum’
1108 453 1130 490 e.
1141 454 1167 504 q.
1177 454 1198 490 s.

191 507 301 562 Ibidem
317 513 359 575 14,
374 513 408 561 38
429 507 525 575 ‘atque
543 507 597 560 hoc
614 507 690 560 idem
709 510 738 561 et
756 506 892 560 Telamo
910 507 960 560 ille
979 507 1117 562 declarat:
1137 523 1198 576 ego

187 596 260 703 Aelim
282 577 404 648 genui)
442 577 678 703 (ffigqutaffiuigs
690 594 797 703 I{caragis
808 597 853 702 511.
872 595 926 634 rec.
947 577 1047 702 addit}
1065 577 1095 630 in
1115 579 1197 700 Regg
1305 653 1306 656 Ἴ

32 686 35 692 ’
96 719 97 722 ’
187 667 284 788 Ροῇῗ.
301 665 445 775 {ereuorzisc
445 667 494 787 i1,
510 665 550 773 3θὲ
570 665 690 788 ’ᾳιῗεῖυέο
713 652 1220 789 Alii'iusiiii}li1i1i⁸)nuniiaet⁰aafiiii
1305 681 1306 686 =

187 795 276 846 morte
308 791 424 861 dignam
450 807 553 860 magno
581 790 642 845 uiro
670 808 769 846 uocem
796 791 902 847 emisit:
936 808 996 861 ego
1012 836 1016 846 .
1034 836 1039 846 .
1056 835 1061 846 .
1079 835 1084 846 .
1100 789 1196 846 sciui.

79 884 82 892 ¹
187 879 299 931 prorsus
317 879 374 916 non
391 861 499 915 mireris
518 879 552 915 ex
570 862 623 916 hoc
641 865 740 915 natum
756 879 816 916 esse
831 862 880 930 qui
893 861 1004 916 fortiter
1017 862 1089 916 mori
1102 865 1198 931 posset

189 977 230 1058 ,ᾖ
246 950 306 1014 ego
321 932 489 1058 ;1,.εὲίιὶιὶὶ.1
508 931 609 1014 deinde
633 932 741 1057 aditecilt¹
756 949 823 1057 'reni'
839 933 953 1058 maioris
977 937 1015 1058 ez
1028 932 1196 1058 Isindi'niitie
1305 943 1306 970 ³

186 1021 212 1144 ξ).
228 1021 435 1130 2ῗὲ1ῗ166.6”6η
453 1021 599 1128 Alirictitulr
616 1021 811 1129 {gamilitibus'
824 1021 931 1129 Aoolitiis
950 1021 1032 1129 litanse
1044 1021 1195 1144 poaterailla
1305 1083 1306 1124 ζ

187 1145 297 1201 dicere?
325 1147 365 1217 [1]
406 1146 590 1200 Praeterea
623 1164 694 1200 cum
721 1145 751 1199 in
778 1149 929 1200 terrarum’
959 1147 1093 1215 (‘terrae'
1123 1146 1196 1215 cod.)

188 1218 295 1272 ‘orbem
317 1216 394 1270 misi
418 1217 458 1271 ob
482 1217 732 1272 defendendum
754 1217 915 1288 imperium,
939 1217 1069 1271 scibam
1092 1216 1195 1271 mein

186 1288 365 1343 mortifera
387 1289 496 1342 bella’
517 1305 540 1342 e.
560 1306 586 1356 q.
607 1306 627 1342 s.
666 1289 751 1342 ‘haec
774 1289 861 1342 uerba
883 1289 1021 1343 Telamo
1045 1289 1195 1343 Troiano

186 1360 278 1413 bello
303 1360 337 1413 de
361 1359 418 1413 suis
441 1359 537 1413 liberis
557 1360 642 1413 semel
661 1360 788 1414 elocutus
807 1361 869 1414 est’
907 1360 1093 1428 Hieronymus
1112 1359 1194 1428 epist.

187 1431 223 1484 ad
246 1430 386 1484 Heliodor.
404 1431 443 1484 III
467 1430 531 1483 ‘ubi
554 1431 685 1484 illudab
708 1429 830 1485 infantia
853 1431 979 1485 studium
1000 1431 1148 1485 literarum
1166 1434 1196 1485 et

185 1502 369 1571 Anaxagorae
392 1518 425 1554 ac
444 1501 638 1554 Telamonis
662 1518 770 1570 semper
791 1502 910 1556 laudata
928 1501 1082 1558 sententia:
1107 1501 1194 1555 scie·
1305 1529 1306 1542 r

186 1573 321 1654 bamnme
336 1571 495 1652 genuisse
509 1572 719 1652 mortalem?’
740 1572 785 1642 (cf.
801 1572 857 1627 Cic.
872 1574 952 1628 Tusc.
964 1573 1035 1642 disp.
1046 1574 1138 1641 11114,
1149 1575 1194 1643 30)
1305 1581 1306 1656 l

185 1643 269 1696 Enmr
287 1643 433 1696 Telamom
451 1643 609 1696 vindicavit
626 1643 811 1697 Hermannus.
846 1709 849 1716 .

259 1757 270 1801 1
292 1748 456 1802 moriturum
470 1749 578 1816 Seneca,
593 1750 758 1820 Oa'ccroaiex
813 1749 879 1803 huic
894 1749 994 1805 Seneca
1009 1750 1035 1804 ei
1051 1751 1143 1805 Cicero

187 1826 202 1873 2
219 1820 464 1876 missi'FroatcaIs
482 1823 538 1886 cod.
593 1826 608 1872 3
628 1819 735 1873 scibam
755 1821 860 1876 Fronto
880 1820 1003 1874 sciebam
1023 1822 1160 1876 Ciceronis
1175 1843 1196 1875 ω

643 1953 739 2011 XLVI

185 2105 192 2119 .
211 2055 295 2119 inter
312 2077 345 2119 se
364 2056 504 2138 strepere
523 2058 694 2139 aperteque
710 2055 812 2119 Artem
827 2055 974 2120 obterere
990 2056 1198 2140 extispicum:

186 2160 317 2226 Sdluere
339 2163 476 2246 imperit
497 2161 635 2226 secundo
659 2165 787 2225 riimore
811 2161 1007 2245 aduersaque
1031 2164 1093 2227 aui.

256 2281 351 2336 Cicero
370 2283 405 2336 de
424 2283 479 2336 div.
498 2283 572 2349 116,
588 2289 621 2335 29
646 2283 693 2335 ‘ut
716 2282 745 2336 P.
765 2280 899 2336 Claudius
918 2283 992 2352 Appi
1011 2283 1094 2336 Caeci
1118 2283 1194 2336 filius

185 2353 300 2421 eiusque
323 2353 432 2423 collega
454 2354 483 2406 L.
507 2352 603 2406 Iunius
626 2353 729 2406 classes
753 2352 888 2407 maximas
908 2353 1104 2423 perdiderunt,
1129 2371 1194 2407 cum

185 2424 256 2479 uitio
278 2424 468 2494 nauigassent.
504 2424 580 2492 quod
603 2425 701 2478 eodem
718 2424 802 2477 modo
821 2425 915 2478 euenit
934 2425 1192 2494 Agamemnoni:

185 2495 254 2564 qui,
279 2513 350 2549 cum
372 2493 496 2548 Achiui
520 2494 715 2564 coepissent
737 2495 829 2548 inter
850 2497 898 2548 se’
919 2512 942 2549 e.
963 2513 989 2563 q.
1010 2515 1029 2550 s.
1068 2497 1109 2548 Ex
1127 2512 1193 2550 nar-

184 2565 293 2620 ratione
324 2566 465 2635 naufragii
496 2582 568 2634 esse,
591 2583 673 2634 .quae
700 2565 730 2618 in
756 2567 873 2620 Pacuvii
900 2567 1006 2620 Teucro
1034 2567 1193 2637 legebatur,

184 2637 287 2692 statuit
305 2636 450 2706 Bergkius.

256 2740 270 2787 1
289 2733 364 2788 inter
381 2748 440 2788 sese
458 2736 594 2790 Davisius
610 2733 654 2787 illi
672 2733 746 2788 inter
765 2751 794 2787 se
814 2735 983 2805 Stieplitzias

632 2866 744 2924 XLVII

131 2977 165 3025 90
184 2967 258 3034 Nisi
281 2969 313 3032 si
333 2991 396 3052 qua
417 2967 529 3034 Vlixes
551 2955 648 3032 lintre
671 2967 775 3031 euasit
797 2966 927 3031 Lartius

254 3079 444 3144 Quintilianus
462 3081 500 3134 VI
519 3086 548 3148 3,
568 3086 602 3134 96
635 3079 789 3132 ‘adiuuant
820 3079 1012 3134 urbanitatem
1040 3083 1068 3132 et
1095 3096 1194 3133 uersus

181 3151 325 3206 commode
346 3151 433 3220 positi
456 3167 504 3204 seu
527 3151 582 3205 toti
605 3155 637 3205 ut
660 3153 725 3204 sunt
796 3151 871 3219 quod
894 3151 926 3204 fit
944 3150 1066 3220 gratius,
1090 3150 1191 3218 siqua

180 3222 267 3276 etiam
298 3221 484 3292 ambiguitate
516 3222 656 3290 condstnr,
688 3225 732 3276 ut·
748 3221 843 3274 Cicero
875 3221 910 3274 in
936 3221 1106 3275 Lartium’
1137 3221 1192 3290 (ita

180 3292 351 3348 Bonnellius.
384 3296 415 3347 irc
442 3292 572 3348 Iertium
599 3293 725 3346 Ambros.
753 3292 787 3345 in
816 3293 941 3354 artium
968 3292 1066 3348 Bamb.
1095 3293 1187 3362 suppl.

180 3365 337 3418 martium
355 3365 463 3417 Monac.
483 3365 628 3432 Argentor.
652 3363 686 3416 in
705 3362 868 3427 Marcium
890 3364 952 3417 edd.
971 3364 1089 3439 priores)
1121 3364 1187 3417 ‘ho-

179 3436 284 3490 minem
297 3433 430 3490 callidum
444 3437 473 3488 et
486 3438 636 3502 nasutum,
652 3434 751 3489 cumis
765 3434 795 3487 in
809 3435 932 3502 quadam
943 3452 1029 3488 causa
1039 3437 1186 3504 suspectus

181 3509 265 3561 esset:
284 3504 367 3557 nisi’
388 3521 411 3558 e.
427 3523 452 3572 q.
468 3523 488 3558 a.
518 3504 557 3558 Of.
573 3504 667 3559 Cicero
681 3505 758 3558 Brut.
774 3511 816 3572 60,
832 3512 882 3559 216
903 3505 1018 3570 Quintil.
1034 3505 1072 3559 XI
1087 3511 1186 3575 3‚129.

180 3576 301 3630 Possunt
318 3576 388 3647 liaeo
406 3591 516 3643 quoque
534 3575 564 3628 in
580 3576 687 3630 Teucro
706 3576 821 3630 Pacuvii
839 3575 945 3630 inserta
962 3576 1056 3632 fuisse.
