2662 3978
499 151 507 171 .
539 221 571 287 Q·
590 221 725 277 ENNIVS
1097 221 1138 286 81

126 382 235 454 populo
251 382 380 438 ...nihil
399 399 460 438 esse
477 381 682 450 mutabilius,
701 382 774 436 nihil
787 380 892 436 firmius
965 381 1062 450 ithuo
1076 398 1141 435 cum

126 457 225 526 putres
243 471 336 509 rerum
353 453 519 524 potirentur,
538 470 691 522 numquam
709 452 869 508 constitisse
883 451 1009 507 ciuitatis
1025 454 1138 507 statum.

127 525 222 581 Multo
241 525 300 580 ium
317 525 348 578 id
365 525 396 579 in
409 525 503 595 regnis
517 524 618 594 minus,
637 540 789 594 quorum,
809 527 841 579 ut
855 524 896 578 uit
909 523 1024 594 Ennius,
1042 523 1140 579 nullu

129 595 235 670 [regni]
264 598 390 651 sanctu
417 595 568 651 societas
592 612 652 651 nec
676 594 765 650 fides
789 596 861 650 est’
899 595 956 666 (vel
978 593 1141 665 quonium

127 667 310 722 scribendum
331 685 382 738 pro
405 685 546 736 quorum
569 667 615 721 vel
639 666 737 736 regni
761 666 948 721 omittendum
965 665 1042 721 Maio
1062 665 1140 720 vide-

129 739 235 808 batur.)
271 739 304 792 ln
330 741 424 794 mente
451 737 538 792 trisse
566 737 698 792 videntur
722 737 846 792 Minucio
865 736 952 792 Felici
971 737 1030 791 Oct.
1053 742 1099 806 18,
1115 744 1140 793 6.

127 808 258 865 Conferri
275 809 355 864 iubet
372 809 516 864 Manutius
535 807 641 863 Lucani
658 809 754 865 Phcrs.
773 809 842 862 192.

203 913 217 960 1
238 907 357 962 societas
377 909 475 962 sanctu
495 907 579 962 Bccn.
599 925 614 964 c

574 1039 699 1098 XXXIX

130 1193 330 1206 ........
353 1145 390 1205 ut
412 1162 472 1204 uos
495 1139 598 1205 uostri
620 1139 716 1204 uteri

128 1247 327 1334 Defendant,
353 1269 412 1332 pro
440 1248 550 1312 u6stra
572 1246 641 1310 uita
664 1245 763 1310 morti
785 1245 976 1311 occumbant
1000 1245 1140 1311 obuium.

204 1369 315 1425 Servius
338 1368 408 1422 Dan.
432 1366 463 1421 in
485 1367 554 1422 Aen.
572 1366 645 1421 noc
671 1367 886 1422 ‘occumbere
909 1367 1023 1424 morti:
1049 1384 1141 1423 nouus

128 1439 283 1496 locutionis
306 1439 395 1510 figura
419 1441 448 1492 et
469 1437 582 1508 penitus
605 1441 721 1492 remote.
758 1437 864 1492 Ennius
881 1438 931 1493 ...’
970 1438 1083 1493 Contuli
1106 1456 1141 1494 ex

130 1511 275 1604 Euripidis
285 1510 442 1565 Erechtheo
452 1509 484 1563 fr.
494 1515 555 1578 360,
565 1515 598 1563 14
607 1509 648 1562 N²
662 1509 758 1564 ἔπειτα
771 1507 858 1565 τέκνα
871 1508 950 1564 τοῦδ’
962 1508 1040 1566 ἕκατι
1050 1507 1140 1566 τίκτο-

129 1603 193 1654 μεν,
212 1585 254 1647 ,Ως
271 1586 350 1638 θεῶν
367 1600 397 1636 τε
417 1581 526 1654 βωμοὺς
543 1577 667 1651 πατρίδα
685 1597 714 1635 τε
734 1575 876 1652 §ocum

204 1697 218 1744 1
238 1688 328 1744 nostri
347 1687 420 1743 Uoco.
440 1693 504 1742 m.1
525 1686 623 1758 (uestri
640 1705 674 1742 m.
690 1691 730 1757 2):
748 1689 782 1755 cf.
801 1695 871 1760 trau.
889 1690 968 1745 Rom.
990 1693 1041 1743 185

611 1819 663 1878 XL

130 1965 193 1990 η.
217 1923 297 2008 quin
319 1921 394 1987 indo
417 1921 529 1986 inuitis
552 1921 747 2006 sumpserint
768 1921 986 2007 perduellibus
1143 1937 1195 1989 386

204 2045 293 2100 Varro
318 2043 352 2098 de
374 2043 393 2098 l.
417 2043 435 2097 l.
454 2042 553 2098 VH49
567 2041 604 2096 M.
643 2042 735 2112 ‘apud
763 2041 896 2101 Ennium:
925 2045 1008 2113 quin’
1029 2060 1051 2099 e.
1072 2063 1099 2114 q.
1119 2063 1140 2100 s.

132 2115 351 2188 ‘perduelles
370 2114 502 2168 dicuntur
520 2114 634 2168 hostes’

205 2221 274 2291 quin
297 2221 374 2277 rur.
399 2219 498 2290 quoius
524 2219 603 2276 Goth.
627 2219 709 2288 quius
729 2221 825 2275 Hawn.
849 2220 926 2288 quod
948 2222 1050 2278 Poub
1073 2222 1143 2291 quid

131 2296 224 2350 Baeti.
295 2292 452 2348 uindictam
469 2290 553 2346 uictis
571 2291 693 2364 Sculs'qcr
711 2290 760 2360 qui
778 2290 837 2344 uim
855 2294 912 2362 (eqo
930 2291 974 2346 ius
992 2295 1034 2350 ccl
1056 2292 1143 2364 uices)

131 2367 169 2421 de
187 2364 273 2419 uictis
291 2364 354 2420 Boc
407 2365 439 2420 dc
456 2364 577 2418 uulneris
594 2364 628 2431 cf.
647 2379 702 2419 cor.
721 2379 785 2418 com.
805 2360 878 2417 (ΝΠ

606 2494 675 2554 XLI

134 2598 306 2663 Parentem
329 2601 361 2662 et
383 2596 556 2682 pc<trium,
580 2594 625 2682 dr‘,
648 2598 794 2682 seruate>
817 2597 983 2683 sospitem!

205 2720 304 2775 Festus
332 2738 359 2790 p.
383 2725 434 2774 301
458 2719 495 2772 M.
543 2717 694 2789 ‘sos[pes
716 2750 749 2758 -
768 2751 803 2758 -
821 2749 857 2760 -
876 2719 1003 2791 Fn[nius
1024 2763 1142 2776 ......

134 2792 326 2862 purentem'
342 2807 365 2845 e.
380 2808 407 2859 q.
423 2807 444 2844 s.
473 2787 641 2844 Chthoniam
654 2787 685 2844 in
698 2789 855 2846 Erechtheo
868 2790 939 2846 haec
954 2794 983 2846 et
996 2791 1144 2860 sequentia

134 2862 179 2932 (fr.
197 2861 281 2932 XLII)
300 2861 392 2916 dicere
410 2859 536 2930 potuisse
555 2858 668 2914 conieci.

205 2966 341 3049 putrium,
365 2968 395 3022 di
418 2970 528 3022 semote
552 2967 674 3038 Scottum
693 2966 817 3048 petrice,
846 2967 876 3021 di
899 2971 1009 3024 sensate
1029 2971 1145 3028 Vulnus

135 3046 186 3094 out
203 3041 327 3109 petrium
345 3039 375 3092 di
394 3041 542 3094 senuerunt
559 3045 609 3094 out
626 3041 736 3108 patmus
751 3042 780 3094 et
793 3038 863 3093 mihi
878 3039 1003 3096 seruauit
1016 3041 1145 3097 Alterius

136 3111 265 3183 Locutio
281 3109 404 3181 putrium
419 3124 500 3165 seruc
515 3108 623 3164 saluum
638 3111 667 3165 et
680 3127 700 3166 c
754 3110 899 3167 Sessorium
912 3114 1024 3184 uuucoit
1036 3113 1145 3169 Vossius

601 3243 685 3301 XLII

133 3387 147 3409 t
169 3396 176 3409 .
200 3396 207 3408 .
230 3344 341 3409 uiuum
363 3366 405 3408 an
426 3343 559 3428 moriar,
581 3343 671 3407 nullu
693 3343 728 3408 in
750 3365 801 3409 me
824 3345 874 3410 e‘st
895 3349 1007 3411 metus.

208 3455 291 3511 Pauli
309 3456 408 3512 Festus
426 3475 453 3526 p.
470 3461 521 3510 123
536 3455 572 3510 M.
612 3455 736 3510 ‘metus
760 3456 894 3512 feminine
913 3458 1053 3514 dicebant.
1075 3459 1146 3514 'En-

137 3525 214 3584 nius:
242 3527 367 3582 uiuum’»
383 3545 406 3582 e.
427 3545 452 3596 q.
473 3545 494 3582 s.
540 3526 639 3582 Festus
666 3545 697 3596 p.¹
714 3532 765 3581 286
783 3528 820 3583 M.
865 3529 956 3584 ‘recto
983 3529 1075 3584 fronte
1094 3573 1100 3584 .
1116 3574 1145 3586 ..

139 3596 208 3653 Cato
224 3643 229 3655 .
246 3643 251 3653 .
269 3643 274 3652 .
289 3598 423 3668 antiquae
451 3598 481 3652 id
507 3597 716 3653 consuetudinis
739 3598 807 3668 fuit,
836 3602 867 3654 ut
886 3613 953 3654 ‘cum
975 3600 1017 3656 uit
1039 3600 1146 3655 Ennius

192 3697 272 3741 Scuen.
286 3709 348 3748 poss.
362 3699 428 3740 Rom.
442 3698 522 3750 liugn.
538 3698 572 3740 ed.
587 3698 702 3740 muster.
970 3693 986 3742 6
