2648 3978
129 555 255 622 iniuria
278 555 390 620 abste
413 553 548 619 adficior
571 553 716 640 indignat,
739 556 837 638 pater.

129 662 219 728 Nam
241 659 465 746 si'inprobum
488 683 555 726 esse
580 658 811 745 Chrespontem
834 658 1011 744 existimas,
1146 674 1197 722 115

133 769 201 834 Gur
223 789 275 834 me
297 767 373 832 huic
396 768 525 832 looabas
548 767 693 852 nuptiis?
716 766 767 831 sin
790 767 838 830 est
860 766 994 852 probus,

132 875 201 941 Gur
223 876 322 940 talem
344 875 481 940 inuitam
504 873 645 939 inuitum
668 871 757 959 cogis
779 871 949 958 linquere?

592 978 689 1044 Pater

696 1084 776 1150 duxi
795 1086 946 1170 probum:
1133 1103 1147 1145 s

133 1195 267 1279 Errsiui,
289 1197 364 1279 post
386 1193 525 1280 cogn6ui
548 1195 580 1258 et
602 1193 693 1279 fugio
717 1192 906 1278 cognitum]

207 1333 289 1388 Rhet.
319 1333 356 1387 ad
378 1332 497 1388 Herenn.
517 1332 543 1386 Π
566 1338 612 1401 24,
631 1337 666 1386 38
691 1333 824 1388 ‘utuntur
846 1331 934 1402 igitur
957 1330 1094 1387 studiosei
1116 1331 1147 1386 in

134 1404 330 1460 confirmanda
361 1403 471 1458 ratione
503 1403 610 1473 duplici
642 1403 820 1458 conclusione
851 1403 905 1458 hoc
932 1405 1015 1458 modo
1044 1404 1146 1474 [1-4].

134 1476 216 1542 Quae
239 1475 293 1530 hoc
316 1475 399 1529 modo
423 1473 636 1543 concludentur,
660 1478 711 1529 aut
734 1492 768 1530 ex
791 1474 931 1530 contrario
950 1477 1148 1533 conuertentur

133 1550 188 1602 aut
207 1563 240 1601 ex
260 1545 382 1616 simplici
400 1549 481 1626 parte
497 1546 743 1615 reprehendentur.
771 1545 813 1600 Ex
827 1545 968 1601 contrario
982 1546 1035 1602 hoc
1049 1547 1146 1602 modo:

244 1616 332 1671 Nulla
350 1619 379 1672 te
397 1616 528 1686 mdigna,
547 1620 629 1685 nata,
649 1616 753 1672 adlicio
772 1616 883 1672 iniuria.

245 1688 275 1743 Si
293 1687 398 1757 probus
417 1690 472 1756 cst,
493 1687 607 1770 (bene)
626 1688 732 1743 locaui:
752 1687 796 1742 sin
815 1691 858 1744 est
876 1689 1022 1759 inprobus,

245 1757 376 1813 Diuortio
395 1762 424 1815 te
442 1758 570 1814 liberabo
588 1758 793 1814 mcommodis.'

134 1835 165 1901 (2
188 1831 261 1885 bene
284 1829 379 1885 locaui
397 1831 505 1886 Aldina
527 1829 621 1885 locaui
639 1843 662 1900 ψ
686 1830 832 1886 conlocaui
850 1851 872 1900 φ
945 1836 962 1884 3
980 1830 1097 1885 diuortii
1114 1842 1138 1898 ψ

138 1902 197 1956 ‘Ex
230 1899 353 1971 simplici
385 1904 466 1971 parte
492 1901 742 1971 reprehendentur,
776 1901 816 1956 sci
844 1918 877 1955 ex
905 1901 1012 1971 duplici
1038 1901 1150 1956 conclu-

135 1973 218 2028 sione
237 1972 375 2028 alterutra
392 1989 458 2042 pars
478 1971 607 2040 diluitur,
629 1973 683 2027 hoc
701 1974 797 2028 modo:
820 1973 904 2026 Nam
923 1973 952 2026 si
970 1972 1150 2042 inprobum

137 2043 352 2114 ...nuptiisl
370 2075 405 2084 -—
425 2042 505 2096 duxi
532 2043 674 2114 probum
698 2045 758 2116 [6].’
796 2042 940 2112 Rhetoris,
968 2061 1025 2098 non
1047 2045 1149 2113 poetae

135 2131 200 2170 esse
223 2118 281 2169 tres
299 2113 365 2168 illos
383 2130 493 2170 versus:
516 2114 616 2169 nulla
635 2131 658 2169 e.
677 2133 704 2184 q.
725 2133 745 2170 s.
783 2114 851 2170 olim
870 2113 941 2184 dixi,
964 2117 1150 2169 cunctotum

136 2187 233 2241 locum
252 2185 365 2240 scholae
384 2185 558 2240 reddendum
576 2202 637 2240 esse
656 2185 800 2240 adsentior
817 2184 958 2239 Friderico
978 2186 1058 2239 Marx
1078 2184 1149 2254 prol.

134 2277 164 2327 p.
181 2263 242 2311 132.
279 2256 388 2310 Eadem
411 2257 501 2326 figura
524 2257 590 2312 usus
614 2259 657 2312 est
679 2257 797 2311 Plautus
821 2257 850 2310 in
870 2255 966 2311 Sticho
985 2274 1010 2310 v.
1027 2261 1078 2309 129
1089 2273 1149 2324 sqq.

136 2329 183 2399 (cf.
204 2330 315 2396 quaest.
335 2343 407 2382 scen.
427 2346 454 2397 p.
470 2331 540 2398 353).

211 2451 441 2520 2threspontem
464 2467 524 2506 esse
545 2473 562 2522 χ
635 2468 695 2506 esse
718 2451 919 2522 Cresphontem
942 2453 1150 2506 aestumaueras

138 2525 285 2594 Kayccrus
307 2524 339 2577 in
361 2525 400 2579 cd.
421 2539 550 2591 presse
573 2521 774 2592 Cresphontem
797 2521 982 2594 (hominem)
1006 2522 1150 2577 existimas

143 2596 283 2650 Vernaus
300 2611 368 2649 mus.
387 2594 475 2650 Rhea.
492 2601 533 2663 16,
550 2599 601 2648 579
621 2593 663 2648 Cr.
684 2594 896 2648 existimaueras
914 2595 967 2650 alu

626 2761 671 2819 IV

138 2862 239 2928 Ducit
270 2884 321 2928 me
349 2883 483 2928 uxorem
505 2861 682 2928 liberorum
705 2861 769 2927 sibi
792 2863 1007 2946 quaesendum
1030 2862 1206 2948 gratialeo

210 2992 312 3046 Festus
334 3010 361 3061 p.
382 2998 433 3046 258
452 2991 489 3046 M.
534 2992 713 3061 ‘quaesere
740 2991 855 3062 ponitur
883 2992 919 3046 ab
948 2992 1073 3062 antiquis
1101 3011 1151 3064 pro

140 3079 285 3133 quaerere,
304 3065 337 3117 ut
356 3065 399 3117 est
418 3063 494 3132 apud
512 3062 634 3117 Ennium
654 3097 686 3104 —
706 3067 735 3118 et
753 3063 784 3118 in
801 3062 1012 3133 Chresponte
1028 3109 1034 3120 .
1051 3109 1056 3120 .
1074 3065 1091 3120 .'

214 3177 295 3232 duxit
313 3178 465 3235 &avemus
635 3258 664 3316 V

142 3355 224 3444 ‘Ego
256 3379 329 3423 cum
361 3360 562 3444 meae<met>
595 3358 682 3424 uitae
714 3381 856 3446 parcam,
887 3361 989 3426 letum
1021 3362 1153 3428 inimico

783 3467 954 3552 deprecer?

217 3585 323 3640 Gellius
342 3587 395 3641 VII
413 3587 471 3658 (VI)
492 3593 533 3656 16,
555 3593 587 3642 10
610 3588 791 3657 ‘deprecor
806 3632 811 3643 .
824 3631 847 3642 ..
863 3587 1004 3656 significat
1022 3586 1108 3655 abigo
1126 3589 1155 3639 et

199 3684 276 3727 Scaen.
291 3697 352 3736 poen.
367 3687 431 3728 Rom.
446 3686 527 3738 fragm.
543 3687 576 3727 ed.
592 3687 708 3727 annncx.
979 3681 994 3726 3
