2648 3978
552 225 582 292 Q.
602 226 737 282 ENNIVS
1108 227 1153 292 45

136 387 240 454 ‘Imus
262 389 340 474 huc,
361 386 437 492 hinc
459 388 552 454 ssluc:
575 411 648 497 cum
672 389 749 454 illuc
771 390 906 454 uentum
926 393 987 473 est,
1010 389 1057 454 ire
1076 344 1156 454 illuc

781 495 884 561 lubet:

137 601 276 668 'Incerta
301 605 386 666 errat
408 601 547 686 animus,
570 606 697 688 praeter
720 603 852 686 proptor
875 603 977 668 uitam
1000 601 1132 668 uiuitur.
1155 623 1206 670 190

216 741 323 796 Gellius
341 741 406 795 XIX
421 746 463 808 10,
479 747 510 794 11
533 741 629 809 ‘atque
647 741 689 795 ibi
706 739 794 796 Iulius
814 740 940 797 Celsinus
959 741 1106 797 admonuit
1124 742 1155 796 in

140 812 292 883 tragoedia
311 829 422 881 quoque
436 812 517 881 Enni
536 829 609 880 quae
627 811 775 883 Iphigenia
793 811 930 882 inscripta
947 816 998 882 est,
1017 813 1048 866 id
1060 813 1154 883 ipsum

141 885 254 953 dequo
273 883 476 952 quaerebatur’
495 883 676 953 (uocabulum
693 885 987 955 praeterpropter)
1008 884 1153 954 ‘scriptum

143 972 206 1009 esse
226 958 255 1009 et
274 972 291 1009 a
308 953 501 1025 grammaticis
520 954 706 1009 contaminari
725 955 816 1025 magis
835 953 951 1009 solitum
969 972 1054 1023 quam
1075 973 1154 1010 enar-

141 1026 209 1080 rari.
247 1026 378 1094 quocirca
401 1026 499 1080 statim
521 1025 640 1095 proferri
662 1024 880 1096 Iphigeniam
904 1025 934 1090 Q.
953 1026 1043 1080 Enni
1066 1027 1152 1081 iubet.

141 1097 179 1151 in
198 1097 272 1151 eius
291 1097 498 1166 tragoediae
516 1097 619 1151 choro
638 1096 798 1167 inscriptos’
825 1096 983 1167 (scriptost)
1008 1098 1079 1152 ‘esse
1102 1098 1154 1152 hos

142 1185 242 1222 uersus
270 1167 402 1238 legimus:
433 1167 689 1222 otio...uitam
715 1167 856 1223 uiuitur.
893 1168 946 1222 hoc
973 1167 1022 1222 ubi
1049 1167 1154 1222 lectum

144 1242 197 1308 est,
222 1242 284 1294 tum
307 1239 409 1294 deinde
431 1239 536 1294 Fronto
555 1239 592 1293 ad
610 1239 826 1309 grammaticum
846 1239 904 1292 iam
921 1239 1077 1295 labentem:
1106 1257 1155 1293 au-

143 1310 259 1380 distine,
272 1309 374 1380 inquit,
388 1309 524 1380 magister
534 1311 647 1380 optime,
661 1310 783 1364 Ennium
792 1312 872 1364 tuum
882 1310 986 1364 dixisse
999 1313 1154 1380 praetcr-

141 1385 288 1452 propter
316 1384 345 1436 et
373 1398 435 1436 cum
463 1381 604 1436 sententia
630 1381 744 1450 quidem
766 1379 831 1450 tali,
859 1381 938 1449 quali
961 1381 1154 1436 seuerissimus

142 1453 378 1524 philosophorum
396 1469 456 1506 esse
476 1452 687 1522 obiurgationes
703 1452 812 1508 solent?
830 1451 951 1522 petimus
965 1452 1053 1523 igitur
1068 1453 1154 1522 dicas,

144 1524 280 1593 qnoniam
309 1525 343 1577 dc
366 1523 495 1578 Enniano
523 1523 582 1578 iam
608 1523 694 1578 uerbo
723 1523 879 1593 quaeritur,
907 1523 956 1592 qui
981 1524 1019 1578 sit
1041 1524 1154 1594 ignotus

143 1595 263 1650 huiusce
285 1611 383 1648 uersus
408 1611 504 1650 sensus
536 1601 552 1649 8
572 1595 580 1621 ’
601 1611 624 1649 e.
644 1613 670 1664 q.
690 1612 710 1649 a.
739 1594 773 1649 cf.
796 1611 830 1648 ex
848 1594 994 1664 Sophoclis
1007 1595 1155 1666 Iphigenia

143 1667 177 1721 fr.
198 1673 250 1721 287
266 1667 301 1720 N.
320 1664 406 1720 τίκτει
424 1665 478 1737 γὰρ
497 1668 582 1721 coiea
602 1665 705 1721 ἐσθλὸν
724 1663 817 1720 εἰκαῖα
836 1665 935 1736 σχολή..

224 1796 304 1861 lsqq.
328 1791 362 1857 ef.
386 1793 476 1846 coroll.
499 1791 589 1844 XXVI
671 1792 761 1846 cerua
779 1796 794 1843 1
817 1792 976 1861 respoudcrs
998 1792 1074 1847 colui
1095 1795 1155 1846 ab

199 1867 216 1915 2
236 1878 322 1929 quam
344 1877 407 1914 cum
426 1864 469 1916 est
486 1861 632 1931 negotium
649 1861 680 1914 in
698 1860 813 1932 negotio
832 1883 866 1932 ω,
889 1880 958 1932 quae
976 1864 1014 1918 ad
1030 1879 1157 1917 uumerus

143 1949 209 1988 suos
239 1949 364 1988 reuocare
394 1934 490 1988 stuata
521 1935 631 2004 stapulo
662 1935 767 1988 lucusta
797 1950 852 1988 csse
882 1947 940 1988 aaa
967 1934 1156 1989 cunctatoris:

143 2004 252 2059 tradita
271 2010 363 2058 tuella
381 2005 765 2074 VaauuusHesu.15‚asa
803 2021 888 2072 quam
907 2021 971 2057 cum
988 2003 1050 2072 quis
1069 2020 1154 2074 nego·

138 2074 221 2145 ,tlosc
249 2073 334 2128 fuerit
361 2074 392 2128 in
413 2074 528 2144 negotio
553 2076 663 2130 Vossius
749 2076 826 2130 sla
847 2092 914 2144 uas,
942 2077 989 2130 sed
1011 2094 1029 2131 a
1047 2092 1093 2145 pr.
1111 2093 1155 2144 ua,

149 2147 225 2201 Voss.
285 2143 371 2199 militi
398 2145 545 2216 negotium
572 2147 675 2201 couiecs‘
701 2146 732 2199 in
758 2145 816 2200 illis
843 2146 960 2215 negotii
987 2146 1053 2216 Rey.
1082 2146 1154 2201 Voss.

143 2219 247 2283 snaior,
271 2217 302 2270 iu
321 2217 418 2286 quibus
434 2216 476 2270 nil
494 2215 550 2270 nisi
568 2216 713 2287 negotium
733 2219 815 2272 latere
834 2215 948 2272 Heuaic
965 2219 1109 2272 uidebatur
1126 2215 1156 2268 in

144 2287 195 2342 illo
220 2285 366 2356 negotium
389 2288 449 2342 Vat.
472 2287 495 2343 0
518 2287 595 2344 naor.
616 2289 650 2351 N
668 2287 699 2341 in
723 2287 774 2342 illo
799 2303 834 2341 ne
855 2285 913 2341 otio
938 2288 999 2343 Vat.
1018 2291 1059 2355 II,
1082 2288 1155 2342 Voss.

143 2361 210 2414 mia.
230 2376 265 2412 m.
286 2364 301 2412 2
325 2357 349 2411 is
372 2357 450 2412 nullo
473 2357 587 2438 negotio
607 2361 718 2415 Vossius
735 2375 793 2413 non
810 2305 869 2411 ulio
887 2376 914 2412 n.
934 2358 1113 2413 Heuuauuus
1132 2357 1156 2411 is

144 2428 294 2500 negotium
307 2429 444 2500 Berytius
461 2427 551 2482 initiis
570 2431 611 2485 uel
625 2429 707 2484 imtio
721 2447 748 2484 n.
763 2430 825 2484 Bae
879 2435 895 2482 a
911 2428 1020 2482 animus
1035 2428 1156 2482 hominis

144 2499 237 2555 nescit
255 2501 435 2556 Hermosaaus
502 2500 571 2569 quid
589 2503 671 2572 agat,
692 2501 760 2568 qnid
779 2499 850 2554 uelit
868 2501 1004 2556 Datatalso
1076 2506 1092 2554 6
1110 2500 1156 2555 hic

141 2580 205 2642 post
223 2571 301 2625 idem
318 2573 486 2627 uuasucsam
558 2588 603 2625 ern
620 2583 656 2642 ψ,
675 2573 870 2627 commendauit
892 2573 1030 2627 Vahleuus
1048 2571 1123 2625 enim
1140 2593 1157 2642 χ

198 2659 251 2697 nec
274 2644 333 2697 edd.
359 2642 393 2696 de
412 2663 433 2696 ω
507 2648 522 2697 'I
545 2642 620 2696 hunc
642 2643 710 2714 Rep.
730 2645 802 2699 Voss.
826 2644 915 2698 araur
985 2642 1051 2696 hinc
1073 2643 1157 2700 villinc

150 2716 224 2770 Voss.
252 2718 343 2768 maior
370 2713 439 2767 illuc
466 2713 532 2768 hinc
560 2715 627 2769 Pas.
653 2714 688 2784 Q,
717 2715 854 2784 probabat
880 2731 942 2769 cusu
968 2715 993 2768 I.
1019 2713 1157 2770 Groucaso

147 2786 278 2842 Hortalus
331 2783 399 2838 illuc
418 2785 484 2840 Par.
507 2784 668 2855 Qillincu
723 2790 738 2838 8
758 2785 819 2840 uita
838 2785 990 2842 Salmasius

628 2916 673 2974 IV

550 3016 750 3104 Agamemno

146 3125 226 3204 Quis
248 3125 347 3196 homo
371 3128 403 3188 te
423 3125 612 3209 exuperauit
629 3147 766 3210 usquam
784 3125 929 3211 gentium
948 3125 1157 3210 inpudentia?

573 3231 737 3296 Menelaus

147 3338 225 3416 Quis
249 3341 358 3402 antem
381 3338 505 3402 malitia
528 3338 583 3402 te?
683 3343 685 3346 ’

217 3459 315 3514 Cicero
333 3459 413 3513 Tusc.
434 3459 505 3529 disp.
525 3460 564 3514 IV
578 3465 620 3528 36,
636 3465 669 3513 77
693 3458 750 3514 ‘ira
766 3459 901 3516 ...cuius
919 3459 1042 3530 impulsu
1061 3459 1158 3513 existit

147 3531 233 3585 etiam
252 3530 328 3584 inter
346 3529 445 3585 fratres
464 3530 522 3584 tale
541 3530 676 3601 iurgium:
696 3530 772 3598 quis
791 3531 902 3584 homo’
924 3547 946 3585 e.
962 3549 988 3598 q.
1004 3548 1025 3584 s.
1059 3530 1157 3583 ‘Nosti

147 3619 219 3670 quae
247 3603 415 3670 sequuntur:
444 3601 591 3657 alternis
621 3601 708 3655 enim
731 3601 889 3657 uersibus
913 3599 1157 3667 intorquentur
