2662 3978
556 224 588 290 Q.
607 225 742 280 ENNTVS
1116 225 1155 290 71

143 385 210 440 ille
229 385 321 440 alter
338 384 373 439 in
393 384 458 440 Chr
485 400 521 439 se
536 385 680 453 ...Atqui
698 384 771 439 dixit
787 383 911 440 Accius
936 385 1001 458 [inc.
1021 385 1078 440 fab.
1096 386 1156 510 Ἴ)

145 458 212 513 Non
229 455 323 525 Accii,
346 457 379 510 ut
399 454 431 511 G.
478 472 627 511 ermannus
650 472 744 526 opusc.
763 456 854 511 Vlta
878 456 980 526 voluit,
1005 456 1050 510 cui
1068 456 1125 511 Lao
1146 489 1158 498 -

144 546 265 583 mannus
289 527 319 581 in
341 527 421 582 Lucr.
439 527 453 581 1
472 532 523 583 778
547 527 685 609 adsensit,
714 527 765 582 sed
786 527 871 582 Ennii
893 544 928 583 cx
950 527 1100 596 Achille,
1125 532 1158 582 ut

145 599 271 667 videtur,
299 615 395 653 versus
423 614 484 653 esse
512 615 576 652 cum
603 597 665 667 ipra
688 597 829 653 Ciceronis
857 598 944 653 verba
971 599 1073 654 docent
1095 602 1157 653 tum

144 669 272 742 genetivi
285 669 445 724 Hectoris
464 687 489 723 v.
506 675 557 724 325
576 685 719 725 mensura:
739 668 773 725 cf.
789 669 868 723 Accii
886 669 940 726 inc.
959 669 1017 726 iob.
1032 670 1155 739 XXXVI,

145 742 231 796 Ennii
250 760 275 796 v.
296 747 380 809 9211.

219 838 448 908 lPatricoleso
476 838 655 911 Patroclesx
744 840 912 909 toppetam
935 838 1019 896 Bora.
1042 858 1077 895 m.
1098 843 1155 909 alt,

144 928 219 967 aaut
240 911 327 966 Onon.
344 911 423 966 Leia.
477 908 642 964 mandatam
660 931 681 964 ω
701 910 798 964 datam
816 910 959 964 Bentlec'oa
1017 909 1083 967 Post
1100 918 1156 968 aa

144 990 171 1038 et
189 988 205 1036 3
225 985 339 1037 cacam
356 983 456 1037 statui:
474 982 510 1050 cf.
528 983 618 1037 corolt.
633 980 749 1035 XXXIV
804 979 913 1050 opotis
927 981 1045 1036 Bottiaa
1062 985 1157 1052 potest
1227 989 1229 996 ’

145 1074 167 1107 ω
241 1058 257 1107 8
275 1055 407 1122 paratum
424 1053 567 1108 Bentleiuo
639 1059 654 1106 9
674 1050 805 1120 eloquere
822 1067 939 1122 propere
958 1051 1095 1125 Bcrykiaa

147 1131 180 1180 10
199 1123 274 1193 potis
293 1124 428 1179 Davisius
445 1125 541 1194 potest
559 1144 580 1177 ω
641 1129 673 1178 11
693 1139 786 1178 acrem
803 1140 853 1180 om.
873 1125 928 1180 dcco
948 1123 1049 1193 Ozoa,
1068 1125 1155 1180 Beat-

144 1197 222 1264 11111,
242 1197 362 1263 defendit
380 1196 516 1266 Bcrytcc'uc

497 1377 535 1441 eo
558 1396 618 1461 ego
641 1375 772 1461 ingenio
794 1374 889 1440 natus
912 1398 997 1440 sum:

143 1480 300 1568 (Aeque)
341 1482 516 1548 amicitiam
557 1481 655 1566 {itque
695 1481 898 1547 inimicitiam
938 1482 974 1547 in
1014 1483 1156 1548 frontem

784 1590 968 1673 promptam
990 1611 1075 1676 gero.

217 1701 324 1756 Gellius
343 1701 407 1754 XIX
421 1706 446 1771 8,
462 1708 477 1757 6
499 1699 694 1755 ‘inimicitiam
712 1703 808 1756 autem
827 1701 857 1767 Q.
877 1701 1006 1756 Ennius
1025 1702 1060 1756 in
1078 1702 1153 1757 illo'

144 1771 293 1841 (Achille
311 1771 433 1898 conici}
457 1771 758 1827 ‘memoratissimo
782 1772 888 1827 libro'
911 1772 997 1843 (loco
1021 1772 1154 1830 Oiselius:

144 1843 180 1898 cf.
202 1842 291 1898 ‘liber
307 1840 390 1898 Aooi’
434 1859 485 1898 ers.
504 1843 575 1914 Ito)
597 1843 692 1898 ‘dina
712 1859 758 1913 eo,
778 1843 878 1913 inquit,
898 1843 1023 1926 ingenio'
1043 1861 1066 1899 e.
1086 1862 1112 1913 q.
1132 1863 1153 1899 s.

144 1914 255 1968 Nonius
273 1933 300 1984 p.
317 1921 377 1984 129,
393 1920 426 1969 26
447 1913 654 1968 ‘inimicitia
672 1931 787 1969 numero
808 1913 952 1985 singulam.
981 1913 1087 1970 Ennius
1100 1960 1105 1971 .
1118 1961 1123 1970 .
1136 1917 1152 1970 .’

144 1985 186 2040 Cf.
205 1985 321 2040 Homeri
338 1985 370 2041 Π.
389 1985 428 2040 ΙΧ
441 1991 493 2040 812
518 1985 619 2057 ἐχθρὸς
642 1983 695 2056 γάρ
719 2006 767 2057 μοι
789 1994 882 2049 κεῖνος
905 1985 977 2056 ὁμῶς
995 1986 1084 2042 Ἀΐδαο
1101 1988 1155 2042 πό·

142 2055 456 2128 λῃσιν,”01χ’ἕτερον
474 2055 525 2127 μὲν
544 2057 635 2128 κεύθῃ
655 2054 699 2112 ἐνὶ
716 2059 825 2127 φρεσίν,
844 2057 910 2112 tao
929 2056 961 2112 ct
981 2057 1053 2130 εἴπῃ.
1080 2059 1155 2113 Nam

144 2145 180 2182 ex
197 2127 337 2182 Achille
355 2128 425 2184 haec
444 2144 555 2198 quoque
573 2127 706 2182 videntur
724 2131 836 2198 sumpta
855 2143 923 2182 esse.

217 2232 280 2297 loq.
303 2227 440 2282 trochaeos
457 2229 615 2282 etiammmc
628 2227 752 2296 praetuli
769 2227 928 2296 anapaestis
945 2226 1096 2282 chcmbibuc
1113 2229 1155 2282 oet

143 2299 242 2353 taccias
314 2313 366 2368 ego
390 2315 439 2352 ora.
462 2297 567 2353 Getlc'ccs
638 2303 654 2352 2
678 2295 805 2351 amicitia
826 2296 910 2351 modo
930 2295 1110 2350 inimicitiam
1128 2298 1155 2352 L

143 2369 236 2424 Nonii
252 2367 431 2422 inimicitiam
450 2371 535 2436 atque
554 2367 709 2422 amicitiam
726 2369 792 2423 olc‘m
806 2369 890 2438 porat
959 2367 1052 2422 fronte
1072 2368 1152 2425 Grat.

143 2441 237 2495 Palat.
254 2440 346 2508 Genti,
364 2440 455 2496 Nona
468 2440 591 2509 Moatep.
610 2438 713 2494 frontei
726 2456 747 2493 a
794 2441 987 2508 expromptam
1006 2437 1154 2496 Fraterc'as

198 2527 231 2565 eo
250 2527 302 2580 ego
320 2510 435 2581 ingenio
453 2510 546 2564 Natis
564 2528 638 2567 sum:
658 2509 813 2564 amicitiam
830 2527 852 2564 e.
871 2528 895 2580 q.
914 2528 934 2565 a.
955 2510 1016 2565 Bac

403 2737 411 2756 Ι
533 2735 539 2750 .
627 2641 671 2702 IV
752 2734 787 2753 μ
1155 2693 1207 2743 328

232 2733 359 2820 †Meae
381 2740 448 2801 tam
471 2739 558 2820 potis
580 2757 668 2821 paors
690 2738 789 2820 potm
1154 2782 1206 2831 329

213 2847 313 2902 Festus
331 2867 358 2918 p.
374 2854 426 2904 360
440 2847 477 2902 M.
499 2847 622 2916 ‘antiqui
639 2850 710 2900 tam
727 2846 816 2902 etiam
832 2864 883 2917 pro
901 2850 998 2903 tamen
1015 2848 1061 2903 usi
1079 2851 1152 2920 sunt,

142 2921 222 2972 ut-
237 2919 356 2976 Ennius:
375 2919 425 2974 ille
439 2920 534 2974 meae'
550 2934 573 2973 e.
589 2937 615 2987 q.
631 2935 651 2974 s.
680 2918 839 2988 (Achillen
858 2935 951 2974 meae
970 2919 1153 2978 conieceram.

140 2988 178 3042 in
196 2989 321 3045 Nemea
338 2991 410 3062 Bue)

214 3087 256 3143 Et
281 3090 389 3144 ammei
410 3089 509 3144 accera'
531 3095 556 3144 ct
577 3090 660 3144 cerba
737 3087 786 3142 ille
810 3103 889 3142 meae
911 3090 983 3144 coct:
1009 3106 1034 3144 o.
1057 3106 1152 3159 capra

142 3157 193 3212 illa
212 3175 257 3212 me
272 3159 451 3215 Hermacmac
469 3160 536 3215 conl.
557 3159 628 3214 Eur.
643 3160 710 3214 Hec.
727 3165 779 3212 277
832 3158 863 3212 in
876 3157 946 3213 belli
959 3158 1056 3213 limine
1073 3160 1077 3232 Ι
1092 3163 1154 3215 tam

140 3247 168 3298 p.
186 3248 213 3299 p.
232 3247 260 3299 p.
280 3233 382 3287 conieci
399 3231 489 3287 corott.
508 3229 611 3285 XXXV

634 3327 663 3384 V

141 3418 275 3506 Hector,
299 3419 354 3504 qui
376 3419 462 3485 haud
485 3424 586 3484 cessat
609 3419 809 3485 obsidionem
832 3420 997 3485 obdtoere.
1153 3438 1206 3486 330

212 3532 312 3614 Festua
332 3538 429 3613 11198
448 3532 485 3587 Μ
525 3531 755 3614 ‘obsidionem
786 3531 881 3602 potius
913 3532 1064 3614 dicentium
1091 3549 1151 3587 ease

143 3621 228 3671 quam
247 3603 389 3657 obs1d1um
408 3603 526 3658 adiuuat
543 3620 594 3658 nos
613 3606 775 3659 testimomo
792 3619 842 3657 suo
856 3603 984 3658 Ennius
1003 3622 1038 3657 11
1052 3603 1152 3658 Tela·
