2644 3982
183 219 246 284 298
354 220 403 274 EX
421 219 586 274 INGERTIS
604 218 845 274 INCERTORVM
862 217 1013 274 FABVLIS

612 389 766 446 LXXXIII

191 490 226 555 Si
250 488 322 574 quis
344 511 395 554 me
418 491 539 576 uideat,
563 489 648 554 dieat
671 489 721 553 ‘ni
744 490 862 553 mirum
884 489 974 554 hicin
996 490 1095 574 illest,

129 596 249 661 150111e
272 597 359 684 ta'lis,
383 597 479 680 (ille)
501 597 553 660 uir
575 597 674 660 trintis
697 596 813 679 opibus
834 596 1048 680 praepotens?

189 702 255 767 Vbi
278 707 363 767 minc
385 703 531 767 secundis
554 703 649 767 rebus
673 702 814 766 adiutrix
838 755 844 767 .
870 703 919 766 ‚l'

181 896 315 951 uideat’
336 913 358 950 e.
378 914 404 964 q.
424 913 445 950 s.

254 1009 329 1072 lsqq.
349 1003 434 1057 Redii
451 1019 556 1056 samma
573 1005 605 1057 ia
621 1021 651 1057 re
668 1019 778 1058 caesare
793 1003 855 1057 Bae
872 1003 910 1057 ad
927 1004 1050 1057 senarias
1060 1003 1193 1070 praecia-

181 1091 247 1142 sees,
265 1076 430 1143 septenarios
449 1074 537 1127 Keilii
555 1075 586 1127 ia
604 1076 692 1129 altera
709 1091 866 1143 acceperam
928 1073 974 1126 hie
993 1076 1037 1126 est
1055 1072 1103 1126 ille
1122 1073 1192 1132 talis

181 1145 226 1198 uir
248 1147 303 1200 ced.
327 1143 372 1197 uir
393 1144 440 1197 hic
460 1149 464 1212 Ι
485 1146 528 1198 est
550 1144 599 1198 ille
621 1145 689 1198 telis
708 1146 770 1200 Bae
841 1143 963 1198 hicinest
985 1144 1035 1197 ille
1060 1143 1104 1197 uir
1122 1143 1193 1198 talis

181 1217 304 1271 Rachiae
322 1217 354 1270 ia
372 1215 554 1272 Siademaacii
571 1217 641 1270 stad.
656 1217 682 1269 Π
696 1222 748 1269 295
821 1221 837 1268 3
855 1217 893 1270 Ia
911 1217 967 1270 cod.
984 1222 1047 1284 posi
1065 1214 1194 1269 adiutrix

180 1289 340 1342 eocabaiara
361 1289 431 1354 fait,
455 1289 534 1341 caias
553 1290 648 1356 prima
669 1289 809 1355 litteren,
829 1303 881 1355 pro
904 1305 960 1356 aaa
981 1286 1010 1340 fo
1034 1288 1115 1341 eiiam
1139 1289 1195 1366 leyi

178 1375 256 1428 posse
274 1360 416 1413 adactaeii
435 1358 554 1425 Keilias,
572 1361 620 1428 qai
635 1357 764 1428 potentia
777 1359 924 1426 supplerit:
943 1359 1039 1412 melias
1052 1356 1194 1427 pollonus,

177 1431 318 1498 placebat;
336 1428 449 1482 fortuna
469 1429 617 1484 Fabricius
636 1429 758 1499 (fortuna
778 1427 901 1482 adiutrix
920 1431 971 1482 tua
990 1431 1021 1482 ia
1038 1431 1193 1498 septenario

181 1501 355 1570 coaiciebam)
373 1499 463 1568 probe
481 1501 543 1554 Bae

211 874 212 879 ,
252 824 394 879 Charisius
412 843 439 894 p.
460 825 555 878 2521’.
590 823 1189 894 τ116161110108111111,11116161161116

1306 1183 1307 1218 1

1306 1219 1307 1258 i

1306 1265 1307 1292 i

610 1667 761 1725 LXXXIV

181 1767 274 1832 Litus
297 1771 392 1852 etque
416 1769 483 1852 sier,
507 1772 539 1832 et
562 1768 701 1832 s6litud6
725 1791 813 1833 mers

252 1889 347 1944 Cicero
367 1891 403 1943 ad
417 1889 475 1943 Att.
490 1889 508 1942 Ι·
518 1895 550 1943 18
572 1888 654 1943 ‘nihil
671 1889 742 1943 mihi
760 1907 834 1944 nune
851 1890 921 1944 seito
935 1893 995 1944 tam
1010 1890 1090 1944 desse
1103 1907 1193 1958 quem

181 1960 335 2030 hominem,
355 1961 468 2029 quicum
487 1959 589 2030 omnia,
608 1977 680 2028 quae
698 1977 743 2014 me
762 1978 829 2014 cure
847 1961 943 2029 aliqua
959 1961 1096 2029 afficiunt,
1115 1979 1192 2016 eom-

180 2032 331 2101 munieem,
355 2032 404 2100 qui
427 2048 471 2085 me
495 2035 582 2100 amet,
606 2031 655 2100 qui
678 2031 784 2101 sepiat,
809 2032 922 2100 quicum
945 2049 997 2102 ego
1020 2049 1058 2086 ex
1077 2033 1191 2087 animo

181 2104 299 2173 loquar‚’
321 2107 369 2174 (ex
389 2102 499 2156 animo
514 2103 548 2156 H.
563 2105 595 2156 A.
611 2103 733 2156 Kochius
753 2121 791 2157 ex
809 2102 914 2157 animi
933 2104 1109 2158 sententia
1128 2103 1191 2173 ipse

181 2174 354 2230 coniecerim
373 2174 477 2228 etiam
496 2175 555 2228 eod.
575 2177 612 2228 ut
629 2191 755 2228 mecum
773 2175 985 2244 Peerlkampus‚
1005 2175 1079 2228 unde
1098 2179 1192 2244 septe-

180 2246 253 2300 narii
271 2247 391 2300 frustum
404 2263 461 2299 non
474 2245 504 2298 in
518 2245 580 2313 fine,
601 2246 649 2298 sed
663 2245 745 2300 initio
759 2245 890 2299 mutilum
906 2246 923 2300 ‘.
936 2290 941 2300 .
952 2245 1010 2314 qui
1023 2263 1073 2300 me
1087 2249 1191 2314 emet,

181 2317 238 2385 qui
266 2336 300 2386 1.,
329 2315 464 2385 quicum
491 2333 552 2385 ego
580 2320 617 2370 ut
642 2333 768 2370 mecum
794 2316 930 2384 loquar'
957 2316 1063 2387 oritur.)
1102 2316 1191 2371 ‘nihil

180 2387 297 2458 fingam,
323 2387 395 2440 nihil
418 2386 603 2455 dissimulem,
627 2387 699 2441 nihil
722 2388 863 2457 obtegam.
900 2388 982 2443 abest
1005 2387 1080 2442 enim
1102 2388 1192 2443 frater

181 2458 366 2529 ἀφελέστατος
384 2461 413 2512 et
430 2457 647 2512 amentissimus.
676 2458 807 2512 Metellus
825 2476 883 2512 non
901 2459 993 2528 homo,
1015 2460 1065 2514 sed
1084 2459 1188 2513 litus'

181 2547 204 2584 e.
224 2549 249 2598 q.
270 2550 291 2585 s.
329 2529 373 2601 (ef.
401 2529 513 2583 Vahlen
538 2528 596 2582 ind.
625 2529 701 2585 lectt.
727 2530 849 2602 1879i80
867 2548 894 2599 p.
916 2533 968 2599 11.)
1004 2531 1189 2584 Prometheus

180 2603 256 2670 apud
279 2600 395 2655 Accium
423 2599 463 2654 sie
490 2599 568 2668 loqui
595 2600 690 2669 potuit
713 2599 789 2670 (hist.
808 2604 880 2670 trag.
900 2604 976 2670 544),
1003 2618 1055 2655 nec
1084 2619 1100 2654 a
1123 2601 1192 2655 Phi-

180 2672 302 2728 loctetae
320 2689 441 2742 persona
459 2671 560 2725 eliens.

249 2797 326 2834 mere
345 2781 425 2850 aalys
442 2794 506 2831 mee
524 2778 610 2846 Mea,
629 2795 678 2832 oca.
698 2778 776 2832 Rom.

618 2927 753 2986 LXXXV

180 3032 331 3098 ‚ferrum
355 3051 406 3093 ses
430 3033 598 3115 argentum
622 3033 735 3093 aurum
757 3030 886 3113 penitus
909 3029 1055 3093 tbditum

251 3151 345 3206 Cicero
365 3150 400 3204 de
420 3149 464 3205 off.
484 3150 553 3218 114,
569 3156 602 3203 13
627 3149 796 3218 ‘eademque
819 3149 928 3204 ratione
950 3167 1001 3205 nee
1025 3149 1135 3220 lapides
1155 3167 1192 3206 ex

179 3226 255 3278 terra
278 3221 471 3276 exciderentur
494 3221 530 3274 ad
553 3239 635 3274 usum
657 3224 784 3275 nostrum
806 3221 969 3290 necessarii,
992 3238 1044 3276 nee
1062 3222 1192 3276 ferrum

181 3312 236 3349 aes
262 3310 377 3346 aurum
400 3294 578 3361 argentum
602 3292 777 3347 ecfoderetur
794 3292 932 3362 penitus
952 3292 1109 3346 abditum
1128 3293 1190 3348 sine

179 3365 324 3420 hominum
337 3364 433 3417 labore
448 3366 477 3417 et
490 3365 594 3418 manu’
618 3367 684 3432 (aes
698 3366 877 3433 argentum
892 3381 1020 3433 aurum,
1036 3363 1085 3418 sed
1099 3362 1190 3433 signis
1213 3384 1244 3449 j

179 3433 407 3505 transpositionis
426 3435 524 3488 endem
540 3435 660 3490 msadd.
676 3435 779 3488 Reme
799 3452 916 3488 eurum
935 3451 991 3489 aes
1011 3437 1191 3504 argentum

179 3508 282 3562 Berne
304 3506 394 3575 Rom.)
430 3505 508 3558 Idem
536 3505 570 3558 de
597 3508 655 3560 nat.
686 3505 759 3559 deor.
778 3505 935 3574 1160,151
967 3507 1033 3560 ‘nos
1057 3522 1071 3559 e
1095 3509 1188 3560 terrae

180 3577 307 3631 cauernis
325 3576 429 3629 ferrum
448 3574 583 3644 elicimus,
602 3592 661 3630 rem
680 3576 716 3629 ad
736 3576 867 3631 colendos
886 3593 967 3646 agros
986 3575 1186 3648 neeessariam
