2644 3982
186 194 250 258 306
359 195 408 248 ux
426 195 592 250 induaris
610 183 850 251 mouuroavrr
868 198 1019 253 saumis

184 453 329 539 Rapidnt
350 477 408 539 per
430 453 531 520 undas
555 364 861 542 orirrusollrspensds
885 459 957 541 equi

255 567 350 622 Cicero
373 567 453 624 Tuso.
478 568 548 640 disp.
567 569 594 622 ΙΙ
613 575 654 636 27,
670 575 702 623 67
733 571 781 622 ‘ut
808 569 882 622 enim
909 569 934 623 si
962 571 1008 625 oui
1033 571 1200 641 nauiganti,

182 639 337 708 praedones
362 639 386 692 si
409 639 605 708 insequantur,
629 641 697 693 deus
721 639 770 708 qui
794 639 908 695 dixerit:
933 641 991 696 eice
1014 645 1043 696 te
1062 643 1096 696 de
1114 643 1195 712 naui,
1289 655 1290 688 t

182 713 296 778 praesto
320 714 362 764 est
385 710 434 779 qui
457 711 581 781 excipiat
602 710 649 765 uel
668 710 817 781 delphinus
889 711 935 764 uel
954 714 1033 780 equi
1051 713 1197 783 Pelopis
1289 729 1290 792 ἦ

182 779 497 852 illiNeptuuii,qui
510 799 570 852 per
582 782 689 836 undas
705 800 821 835 currus
836 799 1018 852 suspensos
1033 785 1197 854 rapuisse

184 850 357 922 dicuntur,
381 853 522 923 excipient
544 857 572 908 te
592 856 694 922 atquo
713 853 783 907 uelis
802 853 955 922 perferent,
981 872 1091 909 onmem
1110 856 1196 910 omit-

182 922 250 977 tatis
269 923 410 978 timorem:
435 924 490 978 sio'
511 941 534 980 e.
554 944 580 993 q.
600 942 621 981 s.
658 925 788 979 Fortasse
808 925 980 980 Oenomaum
998 926 1077 980 Aooii
1095 926 1198 996 tetigit

182 993 291 1051 Cicero:
311 995 345 1050 of.
364 995 430 1050 hist.
450 999 522 1066 trag.
537 1002 598 1049 440.

253 1095 370 1148 ludendo
393 1095 492 1160 essaei
514 1092 826 1149 excaecatores:
850 1097 984 1164 sequentis
1000 1113 1092 1150 verere
1111 1097 1197 1150 initio
1289 1091 1290 1160 ,

182 1163 319 1232 Neptunii
337 1166 422 1231 faisse
436 1172 525 1240 potest
657 1242 722 1303 CVI
1051 1195 1054 1203 ·
1289 1171 1290 1174 ’

182 1341 257 1407 Siue
280 1343 343 1408 ista
365 1345 470 1408 uirtus
493 1348 549 1408 seri
571 1345 776 1410 latrocinium
799 1347 916 1430 <fuit>,

180 1448 350 1514 Horrenda
372 1451 552 1515 miseranda
574 1450 637 1515 ista
660 1451 728 1515 siue
752 1456 800 1515 est
823 1451 1001 1536 calamitas,

182 1555 275 1633 Quod
298 1558 450 1641 e'xpulisti
473 1559 597 1622 saricios
620 1559 725 1642 patrio
748 1559 815 1622 lare

253 1667 395 1722 Charisius
413 1688 439 1738 p.
456 1676 508 1723 254
520 1670 550 1724 P.
585 1671 649 1738 ‘per
668 1669 861 1740 epitropeu:
882 1670 954 1723 siue
973 1669 1058 1723 ista'
1079 1687 1105 1724 e.¹
1122 1689 1148 1738 q.
1169 1689 1192 1728 s.

183 1739 229 1791 ‘de
257 1738 370 1793 nomine
394 1739 562 1810 disceptatio
587 1744 641 1809 est,
670 1758 733 1794 oum
754 1757 798 1794 res
822 1741 861 1794 sit
883 1741 986 1810 palam.
1014 1739 1095 1794 huio'
1125 1739 1191 1810 (hio

181 1810 253 1879 cod.)
275 1809 459 1865 ‘aduersariis
482 1811 670 1880 permittimus
694 1828 748 1879 quo
770 1811 861 1865 uelint
877 1814 962 1880 paeto
980 1828 1083 1865 nomen
1101 1811 1190 1880 impo-

180 1897 258 1950 nere,
278 1885 311 1935 ut
329 1882 363 1936 de
383 1899 415 1937 eo
433 1883 528 1952 potius
547 1900 632 1950 quam
650 1883 684 1936 de
703 1900 733 1936 re
751 1883 814 1952 ipsa
832 1882 963 1937 dubitare
981 1882 1147 1937 uideamur.’

254 1985 266 2032 1
288 1978 348 2034 siue
370 1980 427 2033 ista
450 1979 540 2034 uirtus
560 1996 608 2034 seu
627 1981 749 2049 Kellios,
769 1989 914 2050 postquam
932 1979 993 2033 siue
1011 1979 1068 2034 ista
1086 1979 1192 2034 uirtust

181 2066 229 2104 seu
253 2052 390 2106 edideram
413 2051 473 2106 siue
496 2051 538 2105 ita
561 2051 650 2104 uirtus
672 2051 732 2104 siue
750 2054 808 2106 cod.
880 2050 1061 2104 latrocinium
1079 2052 1190 2106 Keil-tus

180 2121 222 2176 ita
240 2122 399 2190 patrocinii
418 2125 474 2178 cod.
529 2122 584 2176 fuit
599 2124 715 2192 Kellios,
734 2140 784 2177 om.
804 2125 859 2178 cod.
879 2121 955 2175 cluet
969 2123 1110 2177 Baetaeas
1123 2141 1187 2176 aaa.

176 2194 272 2262 philol.
289 2199 357 2247 1872
373 2213 401 2264 p.
418 2200 470 2248 623
525 2201 540 2247 2
559 2194 698 2248 horrenda
713 2211 794 2263 prop.
810 2194 900 2248 coroll.
916 2209 981 2248 com.
997 2192 1107 2247 CXXXI
1125 2195 1189 2246 hor-

179 2263 268 2318 rendu
286 2267 342 2319 cod.
411 2264 571 2319 miseranda
590 2265 647 2318 ista
665 2266 806 2320 Baehrens
827 2267 860 2332 (v.
880 2266 918 2319 od
935 2283 958 2319 o.
980 2267 1006 2333 1)
1028 2264 1188 2318 miseranda

180 2338 236 2391 cod.
260 2335 449 2390 miserandum
469 2337 579 2391 Kellios
649 2335 709 2390 siue
733 2339 776 2390 est
796 2334 944 2389 calamitas
963 2337 1002 2390 ed.
1019 2353 1063 2404 pr.
1083 2337 1120 2389 fia
1138 2338 1188 2406 (cel

179 2407 227 2477 fiu)
246 2413 279 2462 ee
294 2407 422 2461 clamatis
437 2410 493 2463 cod.
509 2407 595 2461 fuisse
609 2407 758 2460 clamitant
772 2408 890 2462 Kellios.
910 2409 941 2460 iu
954 2408 1056 2462 codicis
1068 2408 1187 2477 vestipus

179 2478 308 2533 deflenda
341 2495 401 2532 esse
433 2477 484 2532 oal.
520 2481 601 2533 latere
625 2480 712 2547 possit
783 2478 846 2532 latr.
875 2476 1031 2546 horridum,
1058 2481 1061 2547 Ι
1088 2475 1186 2546 (siue)

178 2550 338 2604 miseranda
365 2550 454 2603 fertur
478 2566 538 2602 esse
562 2548 613 2602 eal.
638 2550 700 2602 Bae
771 2555 786 2602 3
811 2548 917 2602 insonti
941 2549 1016 2616 quod
1041 2549 1187 2604 Fabricios

233 2621 367 2690 expulisti
385 2624 483 2690 scripsi
501 2619 628 2681 extulisti
646 2623 702 2675 cod.
1113 2663 1121 2696 ,

578 2753 667 2812 CVII.
692 2753 789 2812 OVIH

126 2856 279 2942 scoliam,
298 2878 394 2940 quam
412 2854 495 2919 nihil
513 2859 649 2938 accusas,
669 2854 812 2917 damnas:
831 2853 912 2916 be‘ne
929 2875 1025 2936 quam
1039 2852 1184 2916 meritam

815 2981 882 3024 esse
905 2961 1065 3043 adtumas,

151 3094 153 3098 ·
186 3069 271 3133 Male
289 3090 418 3132 merere.
451 3067 485 3131 id
504 3069 589 3153 qudd
607 3067 669 3132 scis
683 3067 814 3151 prodest
826 3065 919 3144 mlril,
937 3065 970 3128 id
984 3065 1070 3149 quod
1083 3063 1185 3128 nescis

815 3171 929 3236 obest?

247 3288 329 3353 CVII.
350 3287 435 3341 OVHI
454 3285 549 3341 Cicero
569 3290 638 3340 orat.
658 3291 771 3354 49,166
793 3285 841 3337 ‘ut
855 3328 860 3338 .
873 3327 878 3337 .
891 3327 896 3336 .
911 3282 1110 3352 intellegamus
1128 3298 1183 3334 non

177 3360 337 3429 quaesitum
360 3375 420 3412 esse
438 3375 596 3424 numerum,
621 3357 670 3410 sed
689 3359 821 3410 secutum.
860 3353 941 3419 Quod
959 3355 991 3408 fit
1008 3353 1078 3408 item
1095 3353 1125 3406 in
1142 3369 1189 3406 rem

177 3431 298 3485 ferendis
325 3428 484 3497 contrariis,
509 3431 541 3482 ut
563 3427 615 3481 illa
638 3430 715 3495 sunt,
740 3426 842 3494 quibus
860 3443 916 3478 non
935 3425 1018 3479 modo
1036 3439 1182 3478 numerosa

178 3502 280 3570 oratio,
310 3501 358 3554 sed
387 3499 474 3554 etiam
500 3516 597 3552 uersus
622 3497 752 3552 efficitur:
782 3514 854 3551 eam
869 3539 874 3550 .
891 3539 896 3550 .
914 3540 919 3550 .
935 3496 1082 3550 damnas.
1120 3511 1181 3548 oon-

177 3574 291 3625 demnas
316 3571 433 3638 diceret,
458 3569 506 3636 qui
528 3586 641 3622 uersum
659 3567 780 3637 effugere
798 3567 892 3622 uellet.
919 3567 1004 3621 bene
1020 3613 1024 3622 .
1038 3611 1060 3622 ..
1078 3566 1179 3620 obest.
