2644 3982
584 177 613 231 L.
633 175 759 232 ACCIVS

317 397 559 457 STASIASTAE
583 401 632 458 vel
656 397 875 458 TROPAEVM
897 398 1033 457 LIBERI

667 524 683 581 I

170 623 347 709 Cdrporare
370 625 427 689 abs
450 626 541 712 tergo
566 647 599 689 es
622 647 717 689 ausus

239 745 312 800 Non.
332 752 378 815 20,
394 751 427 800 25
458 747 654 816 ‘eorporsre
673 749 717 800 esi
734 744 902 812 interficere,
931 745 960 800 et
978 745 1060 815 quasi
1079 761 1177 814 eorpus

170 816 260 871 solum
283 817 343 870 sine
367 816 461 872 anima
483 817 640 886 relinquere
711 817 812 872 Aeeius
834 816 981 872 Sbesiusb’s
1005 817 1051 872 uel
1070 815 1177 886 'stupeo

240 999 384 1065 torporure
402 997 539 1066 Berybius

659 1075 691 1133 H

117 1176 263 1245 eosTdm
287 1175 422 1241 subinde
444 1175 509 1240 le‘ui
534 1175 643 1240 dolore
665 1175 727 1240 hoe
750 1175 857 1239 enims
880 1193 995 1262 eorpus
1015 1172 1148 1259 liquerib

171 1370 221 1424 sm
239 1298 312 1422 Nutu.
338 1303 436 1393 3351
472 1297 634 1371 ‘liqueris
661 1296 803 1366 significet
830 1299 858 1350 eb
885 1295 1036 1365 reliquerit.
1077 1294 1180 1350 Accius

130 1415 132 1418 .
223 1386 279 1422 s1us
305 1386 374 1422 s...

243 1473 362 1528 subinde
389 1477 443 1529 scri
476 1476 487 1528 i
514 1473 632 1527 subidue
660 1473 770 1544 (subide
788 1475 826 1545 B)
851 1475 952 1529 ΒΘΗ
975 1473 1084 1528 sibidue
1112 1473 1180 1528 Pur.

172 1545 289 1600 subidue
313 1545 347 1598 de
367 1545 402 1598 Η
406 1544 416 1576 ¹
453 1546 492 1599 W
559 1544 616 1598 leui
639 1547 741 1600 smirci
762 1544 802 1598 lei
821 1566 842 1598 ω
902 1545 995 1600 dolore
1018 1545 1122 1600 erius
1145 1544 1182 1598 de

172 1618 235 1687 (due
254 1617 293 1686 B)
312 1616 371 1669 lore
390 1614 459 1686 (lore
480 1616 515 1686 G)
534 1636 555 1670 ω
610 1617 670 1669 tum
690 1615 714 1668 si
733 1616 839 1670 erudeli
858 1617 952 1670 dolore
970 1617 1032 1671 Rue

402 1854 404 1859 .
654 1801 701 1858 IH

215 1902 357 1968 Vulnere
381 1905 484 1966 taetro
508 1902 735 1987 def6rmubum,

218 2009 282 2075 suo
306 2009 370 2074 sibi
392 2009 516 2073 lautum
540 2008 695 2094 sunguine
718 2009 826 2094 tepido

243 2131 315 2186 Non.
336 2135 400 2198 337,
416 2135 448 2183 15
475 2129 622 2184 ‘lautum
645 2129 732 2184 etium
749 2130 927 2199 inquinatum
945 2130 992 2184 uel
1009 2130 1184 2185 maculabum

193 2202 332 2258 ..Aesius
353 2199 485 2256 Stasiusbi
503 2201 549 2254 uel
568 2201 676 2271 Tropeo
692 2203 744 2256 ...’

246 2316 307 2380 lsq.
327 2309 498 2378 Anapuestos
517 2309 629 2378 ayuevit
647 2308 757 2363 Vossius
829 2315 844 2362 2
865 2325 915 2362 suo
934 2306 989 2362 sibi
1007 2325 1056 2364 om.
1075 2307 1103 2361 A
1122 2307 1184 2362 suci

173 2380 228 2436 sibi
247 2382 274 2436 B
328 2382 394 2449 bepo
413 2378 441 2433 A

655 2493 699 2552 IV

172 2597 249 2663 Neu
267 2596 358 2661 uides
379 2616 475 2680 quum
493 2594 631 2680 idrbem,
650 2597 787 2678 quantos
800 2594 878 2659 belli
891 2595 1008 2659 fluetus
1022 2595 1185 2660 edneibes‘?

245 2718 317 2772 Non:
337 2722 402 2786 524,
417 2722 450 2770 25
471 2716 622 2770 ‘turbam
640 2719 669 2770 ed
687 2716 784 2770 turbas
803 2714 944 2770 diuersam
961 2713 1062 2770 uolunt
1079 2715 1184 2770 habere

175 2786 422 2858 significationem,
445 2791 478 2841 ub
501 2787 539 2841 sib
560 2787 645 2841 turbs
662 2786 762 2856 populi
779 2789 946 2855 conuentus,
969 2786 1069 2841 turbae
1088 2787 1184 2842 turbe-

174 2859 273 2913 biones.
306 2857 365 2911 Nos
384 2861 482 2913 contre
500 2858 605 2912 lectum
622 2857 780 2913 inuenirnus
799 2859 828 2912 et
845 2857 995 2912 indiscrete
1013 2858 1136 2928 positum
1155 2862 1186 2912 et

174 2947 224 3000 pro
243 2928 334 2983 turbis
353 2930 473 2984 turbam.
510 2929 611 2984 Accius
626 2929 798 2984 Athamante
813 2974 818 2983 .
831 2973 836 2982 .
849 2974 854 2983 .
869 2928 946 2983 idem
959 2928 1118 2984 Sdusiastris
1137 2929 1186 2984 uel

174 3001 283 3070 Tropeo
301 3001 353 3056 ...’

162 3103 166 3109 ’
245 3109 366 3176 quantos
384 3104 454 3159 belli
472 3123 491 3160 u
510 3109 630 3173 quantos
649 3107 696 3161 uel
714 3127 735 3161 ω
755 3123 861 3175 quosue
880 3109 1020 3165 Mereerss

574 3292 783 3352 TELEPHVS

246 3409 386 3463 Tusuruvs
410 3406 509 3476 (formu
528 3408 652 3463 Tuuorvs
670 3408 701 3461 fr.
717 3408 756 3460 IX
774 3410 804 3462 et
815 3407 854 3461 XI
873 3425 935 3462 cum
954 3407 1092 3462 similibus
1111 3425 1186 3462 eom-

173 3480 315 3550 psrends,
335 3479 370 3532 de
389 3477 490 3546 quibus
510 3479 642 3534 disseruit
659 3477 855 3533 Fleckeisenus
872 3477 976 3534 unnull.
991 3479 1100 3548 philoll.
1116 3485 1188 3535 1866

171 3565 201 3622 P·
217 3554 314 3621 38uu)
