2648 3978
567 213 598 279 Q.
617 212 751 269 ENNIVS

636 381 678 440 XI

583 482 739 566 Thyestes

153 589 234 675 'Ipse
257 590 391 654 summis
413 589 498 654 saxis
520 589 604 652 fixus
627 589 766 675 asperia,
790 587 998 673 euisceratus,

100 717 153 766 310
164 697 279 761 Latere
287 697 437 782 pendens,
446 696 523 760 saxa
532 717 684 782 spargens
694 694 780 779 tabo,
790 695 878 759 sanie
887 698 920 759 et
929 695 1083 781 sanguine
1094 698 1166 760 atro

565 801 757 887 ³3*ss

153 910 267 996 Neque
286 908 478 995 sepulcrum,
496 911 560 993 quo
574 909 718 993 recipiat,
736 907 854 972 habeat
867 911 999 992 portum
1013 909 1167 994 corporis,

153 1017 229 1083 'Vbi
251 1018 384 1081 remissa
406 1016 546 1080 humana
567 1015 637 1080 uita
660 1016 776 1099 corpus
799 1015 980 1098 requiescat
1002 1016 1104 1080 malis,

226 1137 320 1193 Cicero
343 1137 424 1191 Taso.
453 1137 523 1206 disp.
547 1137 627 1204 144,
647 1142 698 1190 107
729 1135 890 1191 ‘execratur
916 1135 1068 1190 luculentis
1097 1153 1165 1190 sane

153 1209 281 1268 uersibus
310 1209 386 1278 apud
408 1207 530 1262 Ennium
556 1208 737 1278 Thyestes,
765 1206 887 1277 primum
913 1210 951 1261 ut
978 1207 1165 1276 naufragio

153 1283 274 1352 pereat
291 1281 423 1334 Atreus.
462 1280 563 1333 durum
585 1279 639 1334 hoc
662 1295 743 1348 sane;
766 1278 833 1332 talis
857 1277 931 1332 enim
954 1278 1085 1332 interitus
1108 1295 1166 1332 non

155 1355 198 1407 est
230 1351 290 1405 sine
321 1350 403 1420 graui
435 1367 531 1418 sensu;
563 1349 614 1404 illa
643 1349 741 1404 inania
769 1351 805 1420 [1.
826 1350 862 1422 2].
904 1350 969 1403 Non
1001 1349 1064 1420 ipsa
1097 1367 1166 1403 saxa

154 1441 183 1476 m
223 1422 245 1475 's
269 1438 352 1475 sensu
371 1421 447 1476 omni
465 1420 610 1475 uacabunt
628 1438 713 1490 quam
731 1420 781 1474 ille
799 1420 912 1474 latere
930 1421 1096 1490 pendens,
1120 1420 1166 1474 cui

156 1509 185 1547 se
224 1492 250 1546 io
269 1492 424 1547 cruciatum
443 1495 540 1547 censet
558 1495 664 1562 optare.
693 1491 771 1558 Quae
790 1494 884 1546 essent
902 1491 981 1560 dura,
1001 1491 1025 1545 si
1040 1491 1165 1560 sentiret,

155 1563 235 1617 nulla
269 1566 335 1617 sunt
362 1563 422 1618 sine
451 1579 541 1618 sensu.
583 1563 657 1616 Illud
684 1579 751 1617 uero
778 1579 914 1632 perquam
940 1563 1038 1618 inane:
1066 1565 1103 1634 [3.
1127 1565 1165 1644 4].

155 1634 242 1688 Vides
267 1636 373 1703 quanto
396 1633 467 1689 haee
489 1634 520 1688 in
539 1651 629 1689 errore
648 1637 806 1689 uersentur:
833 1636 945 1703 portum
964 1651 1024 1688 esse
1043 1651 1166 1704 corpons

156 1709 185 1760 et
207 1706 382 1773 requiescere
399 1705 430 1759 in
449 1706 596 1775 sepulchro
613 1708 697 1775 putat
715 1707 868 1773 mortuum,
891 1722 995 1776 magna
1014 1705 1097 1775 culpa
1114 1706 1167 1760 Pe-

154 1775 240 1846 lopis,
270 1775 398 1844 quinon
422 1777 556 1831 erudierit
579 1775 667 1829 filium
690 1791 741 1830 neo
765 1775 904 1844 docuerit,
930 1779 1068 1844 quatenus
1092 1779 1167 1831 esset

155 1846 278 1917 quidque
302 1848 476 1902 curandum!
514 1849 592 1902 Idem
614 1846 645 1901 in
667 1847 798 1901 Pisonem
818 1853 863 1916 19,
879 1853 914 1900 43
944 1847 1100 1916 ‘Thyestea
1123 1851 1168 1902 est

154 1918 212 1975 ista
231 1918 372 1973 execratio
390 1921 493 1988 poetae
511 1918 591 1988 uulgi
609 1917 727 1987 animos,
749 1935 806 1972 non
825 1917 995 1988 sapientium
1012 1919 1166 1975 mouentis:

155 1994 193 2044 ut
217 1992 253 2044 tu
271 1989 456 2060 naufragio
476 1989 638 2060 expulsus
656 1989 791 2060 uspiam
809 1989 902 2043 saxis
921 1989 1014 2043 fixus
1033 1990 1166 2060 asperis

156 2060 375 2116 euisceratus
394 2061 504 2117 latere
522 2061 703 2132 penderes,
721 2063 755 2115 ut
773 2060 814 2115 ait
832 2060 894 2128 ille,
916 2077 997 2116 saxa
1013 2062 1165 2118 ...atro'

156 2132 260 2214 (Verba
285 2136 323 2186 nt
349 2133 597 2216 tnnaufragio
626 2132 789 2215 expuisus
818 2130 952 2213 uspiam
975 2131 1102 2213 Ciceroni
1124 2149 1167 2188 re-

155 2204 690 2342 ittpiintttiimattitiae}
712 2203 953 2328 instituisti
974 2204 1166 2344 titiiatt

157 2347 329 2471 ersspuisusl
348 2346 661 2472 ustptiamadscripsit
688 2345 931 2470 ‘iliiersusEEnuii’,
959 2345 1088 2470 {alimp'us
1103 2345 1166 2468 168-

156 2434 309 2559 usac
330 2433 714 2570 aecumaecui
729 2434 794 2556 ae,
809 2433 1166 2557 enecaretur?

156 2559 257 2613 facere.
294 2559 419 2613 Lucihus
443 2560 491 2614 hb.
515 2559 630 2615 XVIIH:
649 2561 705 2632 [ΞΓ
735 2575 808 2627 quae
831 2561 882 2612 aut
903 2559 1036 2614 traducta
1060 2562 1166 2613 sunta

156 2629 265 2684 Lucilio
282 2632 332 2684 aut
345 2629 523 2685 librariorum
536 2631 626 2685 turbis
640 2647 787 2701 perperam
801 2628 861 2683 eius
875 2629 988 2683 nomine
1003 2629 1165 2684 afferuntur.

230 2742 308 2806 lcqq.
326 2755 452 2793 aceneres
469 2739 610 2794 coustituit
627 2738 770 2792 Beattciua
806 2741 822 2789 8
841 2735 918 2804 quod
935 2753 956 2792 a

231 2842 399 2912 ‘Thyesteas
426 2845 537 2914 preces'
566 2843 660 2912 tangit
682 2841 816 2897 Horatius
840 2843 920 2912 epod.
939 2843 966 2896 V
981 2849 1027 2910 86,
1055 2842 1106 2896 ubi
1129 2841 1164 2897 cf.

157 2913 243 2968 schol.
263 2914 412 2969 Praeterea
433 2914 524 2969 eidem
542 2913 656 2968 fabulae
675 2913 762 2967 tribui
781 2917 900 2983 possunt
917 2918 969 2968 inc.
988 2931 1061 2969 nom.
1081 2913 1166 2968 XXX.

156 2984 443 3054 XXXVII-xxxix,
462 2985 516 3039 inc.
535 2985 589 3039 inc.
608 2983 665 3038 fab.
685 2985 767 3039 LVII.

360 3133 524 3194 INOERTI
546 3133 715 3194 HOMINIS
739 3135 958 3206 aaalcvlaa

655 3260 671 3318 I

604 3359 717 3426 Vlixes

159 3463 238 3542 Quis
260 3464 307 3529 ibi
329 3488 395 3531 non
418 3469 466 3530 est
488 3466 675 3532 uulneratus
698 3467 783 3531 fe'rro
806 3465 949 3553 Frugio?
973 3518 980 3531 .
1000 3516 1033 3532 ..

230 3585 325 3641 Cicero
356 3604 407 3658 pro
437 3588 517 3644 Rosc.
546 3589 606 3643 Am.
627 3594 674 3656 32,
694 3593 727 3641 90
762 3587 880 3642 ‘multos
914 3603 1009 3642 caesos
1041 3604 1098 3642 non
1131 3589 1169 3643 ad
