2682 3980
207 233 272 296 206
622 231 652 286 L.
671 231 797 286 Acarvs
860 210 880 264 ’-

681 399 739 458 XII

207 555 213 567 .
239 501 476 566 Scamandriam
502 501 620 565 indam
643 501 727 564 salsa
751 500 893 564 sinebam
916 499 1026 564 obtexi
1051 499 1215 584 singuine,
1315 471 1316 534 Ῠ

205 607 325 692 'Aique
353 629 483 671 flsseruos
510 607 575 670 ilia
602 606 637 669 in
666 605 752 669 amni
775 607 907 690 sirpore
931 604 1058 689 expleui
1080 604 1215 670 histiao.
1315 657 1316 666 ,

277 729 348 782 Non.
365 733 454 797 192‚1
476 729 619 782 ‘amnem
635 725 825 782 ...feminino
841 727 894 783 ...'

277 842 377 889 lnam
394 836 436 889 aei
454 833 494 888 sie
509 836 671 903 praemittas
726 832 936 887 Scamandn'am
951 833 1098 887 Fraterias
1115 848 1213 886 uman·
1316 836 1317 844 ’

206 905 295 960 driam
318 927 339 960 a
418 905 513 959 obtexi
535 905 640 960 Jaaias
667 903 785 958 obtexus
809 925 830 958 a
857 903 972 958 obtexui
996 905 1137 959 Mercari
1164 904 1214 957 ob-

205 977 277 1031 tinxi
299 978 403 1033 Oaiares
457 976 569 1030 iamni
587 977 645 1031 edd.
666 976 742 1029 omni
760 996 781 1028 ω

673 1161 746 1218 ΧΙΠ

203 1263 269 1328 Vbi
292 1269 377 1328 mina
400 1262 550 1328 terricula
573 1265 629 1325 tta
652 1261 749 1326 suni?

273 1384 345 1438 Non.
360 1388 420 1452 227,
435 1389 470 1437 30
488 1381 691 1437 ‘terriculee
706 1381 816 1451 generis
830 1381 966 1436 feminini.
996 1381 1095 1436 Neutri
1110 1382 1212 1436 Accius

202 1454 469 1524 Epinausimace
485 1455 538 1509 ...’

236 1639 261 1687 et
273 1563 324 1644 tua
338 1561 459 1632 Seaiiaer
477 1563 507 1614 ta
522 1581 551 1628 a,
570 1561 642 1629 qaod
656 1561 745 1628 passis
763 1561 846 1615 etiam
863 1561 945 1614 tante
963 1560 1004 1614 aei
1021 1558 1110 1612 istaec
1129 1561 1214 1615 iater-

198 1649 236 1700 pr
262 1650 306 1686 ari

671 1743 741 1802 XIV

148 1846 370 1912 325Prim6res
392 1868 559 1930 procerum
582 1845 772 1930 prduoeauit
795 1845 979 1929 niminanS,

212 1952 246 2019 si
270 1955 352 2018 esse‘t
375 1953 462 2038 quis,
486 1953 542 2038 qui
565 1951 662 2016 armis
686 1954 794 2016 seeum
817 1951 917 2016 uellet
940 1954 1075 2018 ae‘rnere.

271 2075 343 2129 Non.
363 2081 428 2143 261,
444 2080 476 2128 16
502 2075 655 2128 ‘cernere
674 2091 784 2126 rursum
803 2072 937 2127 dimicare
955 2074 1002 2128 uel
1021 2076 1211 2136 contendere)

201 2145 468 2215 (epinausimace
488 2145 555 2200 Gen.
574 2144 651 2198 Leid.
670 2148 723 2214 pr.)

273 2257 287 2304 1
306 2269 451 2321 procerum
469 2253 509 2306 eei.
525 2269 571 2320 pr.
590 2253 748 2320 procertum
767 2272 788 2304 a
847 2251 1014 2320 prouocauit
1032 2253 1151 2309 Bathias
1167 2270 1212 2308 re-

200 2322 310 2377 uocarit
328 2345 349 2377 ω
367 2325 533 2392 prouocaret
552 2323 662 2376 Vossius
723 2328 786 2402 leq.
805 2321 961 2390 nominaui,
981 2322 1005 2376 si
1025 2324 1212 2395 Kiessiiaqias

200 2397 245 2464 (ef.
269 2395 335 2449 Sall.
361 2395 440 2450 Catii.
461 2399 508 2462 21,
522 2396 550 2463 4)
575 2392 689 2447 nomina
712 2392 767 2446 nisi
789 2414 810 2446 a
833 2393 959 2462 nomine,
989 2395 1012 2447 si
1036 2395 1158 2467 Seaiiaer

201 2465 343 2534 iquied.
363 2484 389 2520 a.
410 2470 478 2519 1476
498 2480 591 2532 quea

676 2578 732 2636 XV

208 2680 350 2744 Deariim
372 2679 532 2763 mortalis,
554 2678 713 2764 Phoinix,
736 2680 846 2765 (esse)
868 2681 989 2746 h'beros

146 2749 409 2850 328Reminiseor
431 2806 556 2869 semper
579 2787 612 2848 ei
633 2784 720 2848 istud
742 2786 855 2851 itidem
878 2790 937 2853 uis
959 2788 1035 2852 uola

146 2839 197 2887 329

269 2915 341 2970 Non.
356 2921 416 2985 500,
433 2922 446 2969 1
469 2915 706 2969 ‘aecusatiuus
725 2932 776 2985 pro
795 2917 927 2986 genetiuo
998 2917 1101 2971 Accius
1119 2917 1208 2987 Eury-

199 3002 263 3041 sace
279 2986 410 3041 ...idem
428 2985 693 3056 Epinausimace
710 2988 762 3042 ...’
787 2987 924 3058 Exempla
950 3004 1000 3057 per
1023 2990 1116 3042 totum
1138 2989 1208 3042 titu-

198 3057 257 3111 lum
276 3057 441 3112 adferuntur
454 3057 603 3112 verborum
620 3057 818 3112 meminisse
837 3059 1014 3113 reminisci
1033 3059 1207 3115 obliuisci.

270 3178 330 3242 leq.
344 3174 384 3228 sie
397 3190 472 3229 arrae
482 3179 545 3242 past
557 3174 638 3228 varia
652 3176 803 3229 tentamina
814 3177 952 3230 restituere
961 3181 1075 3230 carratas
1084 3192 1156 3230 sam:
1170 3177 1206 3243 es.

198 3245 289 3299 caroli.
303 3243 352 3297 LV
361 3261 398 3312 sq.
417 3251 485 3316 trae.
502 3244 580 3298 Rara.
596 3249 647 3298 362
702 3260 749 3298 eos
768 3245 895 3298 mortalis
913 3245 1003 3300 foenis
1022 3245 1071 3300 lib.
1088 3266 1106 3299 x
1125 3244 1208 3300 mise·

198 3331 244 3368 ror
262 3331 345 3384 saepe
365 3313 485 3369 studites
504 3315 570 3369 uolo
589 3336 622 3383 a,
646 3317 693 3371 seri
715 3316 813 3369 foenus
835 3315 883 3371 lib.
902 3337 920 3370 x
938 3316 1071 3371 misereor
1089 3317 1136 3372 Ba

198 3387 329 3458 Sraaaias
351 3387 518 3442 eariieetaras
540 3388 590 3441 hae
612 3395 732 3442 eaataese
754 3389 822 3442 setis
839 3390 887 3442 sit:
913 3390 972 3459 eos]
991 3405 1020 3442 es
1038 3390 1079 3445 aei
1096 3405 1147 3442 nos
1166 3389 1208 3442 aei

199 3457 265 3512 deos
290 3459 371 3512 latere
391 3464 479 3526 petest
549 3457 675 3512 Phoenix
696 3458 808 3513 Gratiae
831 3466 856 3513 et
876 3459 1031 3515 Pairaerias
1102 3459 1207 3513 liberos

199 3529 377 3585 Hermaririas
434 3527 511 3582 istud
529 3530 640 3584 Vossius
698 3545 748 3582 uos
767 3528 832 3582 uolo
852 3530 913 3584 Bae
971 3529 1104 3584 misereor
1123 3546 1207 3599 saepe

199 3602 228 3654 et
246 3599 358 3654 adiutos
377 3597 442 3652 uolo
464 3599 576 3654 Gratias
