2662 3978
177 208 250 290 ¹120
569 225 607 278 u.
625 224 803 280 Pnovuvs

657 391 716 450 VH

134 493 455 572 assandunam?
478 489 599 581 abigea
622 493 691 557 est?
721 492 806 577 quod
828 493 1008 579 receptest?
1031 531 1073 539 —
1096 491 1194 556 ‘Exul

753 629 761 642 =
819 601 941 664 incerti
962 604 1061 686 uagat

256 723 328 776 Non.
344 727 404 792 467,
419 728 453 776 25
474 723 595 792 ‘uagas
614 738 665 790 pro
684 721 796 790 ungaris
812 765 816 774 .
830 766 834 775 .
847 766 852 775 .
866 722 895 775 P.
915 721 998 774 Medo
1014 721 1066 775 ...’

257 828 305 898 qui
324 829 439 882 tandem
457 830 504 884 Bo
575 829 650 896 quod
668 849 698 896 ω,
717 830 742 883 lc.
761 845 781 882 e.
802 844 869 895 quo:
893 830 928 895 cf.
948 828 1112 882 Ritsclaelias
1129 845 1190 882 aco.

185 917 288 956 eamus.
317 899 410 955 Ploat.
433 901 456 954 I
474 919 503 970 p.
524 905 603 970 biso.
637 907 662 954 et
689 916 777 968 opusc.
800 899 922 967 111124,
954 901 1001 954 cai
1031 900 1192 954 adversatur

186 972 322 1043 Boeotias
339 973 423 1043 symb.
442 973 480 1026 ari
496 988 607 1042 mamm.
627 971 690 1025 Lat.
705 971 727 1024 I
737 975 770 1025 75
789 986 844 1037 quo
859 971 999 1025 Merceras
1051 971 1193 1039 receptast

186 1043 322 1114 Berqlias
339 1045 466 1112 receptat
484 1063 513 1112 ω,
533 1043 654 1109 defendit
667 1049 762 1111 posteo
776 1041 910 1112 Bequias
928 1040 969 1094 ire
987 1043 1101 1110 coeptat
1114 1041 1190 1096 Mer-

185 1131 262 1170 ceras
313 1113 429 1182 incerta,
443 1131 478 1168 so.
494 1115 540 1168 aaa
554 1134 575 1167 ω
588 1112 694 1166 incerte
704 1112 848 1182 Berykias,
862 1115 909 1182 qai
918 1129 1050 1182 personas
1064 1113 1193 1167 detinuit

649 1245 723 1302 VIH

231 1347 316 1412 Cedo
340 1348 492 1430 quorsum
515 1345 611 1409 itiner
634 1344 779 1410 tetinisse
803 1345 914 1410 aiunt?

256 1468 327 1522 Non.
349 1472 407 1534 178,
424 1472 456 1520 10
477 1465 656 1520 ‘tetinerit
672 1484 723 1536 pro
742 1466 883 1520 tenuerit)

258 1574 326 1627 cedo
346 1574 486 1627 Mercerus
503 1572 586 1626 oredo
605 1593 625 1626 ω
680 1573 764 1628 itiner
782 1575 889 1629 Aldina
906 1573 1006 1627 itinere
1025 1594 1046 1627 ω

666 1707 709 1764 IX

188 1806 222 1872 si
240 1809 339 1893 reste,
357 1807 467 1893 porgit
485 1810 523 1870 ut
540 1827 623 1870 earn:
646 1808 674 1871 si
692 1808 738 1871 ire
756 1809 868 1892 conor,
886 1807 1037 1892 prohibet
1054 1808 1192 1874 battere.

256 1929 328 1983 Non,
349 1934 395 1996 77,
410 1934 444 1982 25
469 1928 616 1982 ‘betete’
642 1928 795 1998 (baetere
817 1928 926 2000 Bamb.)
951 1928 995 1982 ‘id
1018 1932 1061 1983 est
1083 1929 1187 1984 ire...

186 2002 215 2055 P.
239 2001 360 2070 Nyptra:
392 2016 443 2053 uos
471 1997 537 2052 hinc
565 1998 711 2052 defensum
736 1998 857 2068 patriam
884 2000 914 2052 in
940 2017 1071 2070 pugnam.
1112 2001 1191 2054 Idem

185 2072 276 2127 bibite
289 2070 384 2125 Medo:
403 2070 428 2123 si
441 2072 531 2124 resto’
548 2086 571 2124 e.
586 2087 612 2138 q.
628 2088 648 2123 s.
667 2073 822 2139 (pugnam
835 2070 953 2126 betite.
982 2070 1190 2142 IdeniJnnius)

255 2176 350 2247 porgit
367 2179 399 2230 ut
417 2193 480 2231 eam
497 2178 595 2246 scripsi
611 2175 737 2246 pergitur
755 2193 817 2230 eam
830 2198 851 2230 ω
869 2177 970 2247 pergit,
988 2180 1021 2230 ut
1037 2193 1099 2231 eam
1113 2178 1190 2231 Mer-

185 2247 370 2389 {eetraeaepgscit
388 2250 439 2317 (uel
456 2246 555 2318 percit)
574 2250 607 2301 ut
625 2263 687 2301 eam
704 2265 724 2302 a
789 2247 902 2302 baetere
920 2251 952 2303 ia
971 2250 1090 2302 ommate
1108 2248 1194 2303 BuH

674 2399 701 2456 X

187 2497 351 2564 custodite
373 2500 479 2563 istinc
501 2521 573 2584 uos,
596 2499 726 2562 neuim
750 2498 805 2582 qui
828 2499 943 2563 attolat
966 2521 1045 2564 neue
1064 2499 1189 2586 arrigat.
1295 2466 1303 2548 ’κ

255 2619 404 2674 Diomedes
421 2638 448 2689 p.
464 2625 515 2674 378
529 2620 559 2674 P.
581 2619 705 2688 ‘attingo
777 2619 928 2688 reperimus
948 2621 1023 2689 apud
1040 2620 1190 2673 nonnullos
1302 2651 1303 2654 =

186 2693 325 2759 auctores,
349 2690 450 2758 quibus
473 2689 650 2759 eloquentiae
674 2694 702 2743 et
725 2689 882 2758 elegantiae
900 2690 1007 2744 tributa
1025 2693 1069 2744 est
1086 2689 1190 2760 opinio,

186 2761 282 2815 sinen
300 2761 396 2815 littera
414 2761 528 2830 dictum,
548 2760 629 2830 quasi
648 2759 760 2830 attigo
780 2760 885 2831 attigis,
904 2765 937 2816 ut
950 2763 979 2816 P.
998 2761 1028 2816 in
1042 2762 1140 2816 Medo.
1154 2806 1159 2816 .
1172 2763 1188 2816 .’
1293 2774 1299 2785 ·

185 2831 305 2902 (medio
323 2833 385 2887 Par.
404 2833 439 2904 A)
474 2833 546 2887 Non.
562 2837 652 2899 246‚3
674 2830 867 2901 ‘attollera,
887 2832 1003 2887 afferre'

255 2939 342 2993 istum
364 2940 474 2994 Noniae
496 2938 570 2992 hunc
593 2939 738 2994 Diomedes
808 2955 843 2992 ne
867 2955 931 2992 euni
953 2939 1001 3008 qui
1020 2940 1130 2995 Nereius
1154 2955 1192 2994 ne

186 3010 248 3079 quis
267 3009 326 3064 uim
344 3011 503 3066 Diomedes,
546 3010 660 3064 attollat
677 3009 788 3064 Nonius
807 3010 911 3064 attulat
929 3010 1072 3066 Diomedes
1124 3010 1192 3064 neni

187 3083 330 3137 Diomedis
348 3082 459 3137 Monac.
478 3096 549 3134 neue
568 3079 616 3148 qui
635 3081 745 3136 Nonius
762 3097 817 3134 neu
835 3081 884 3149 qui
902 3100 921 3136 a

665 3213 707 3271 XI

186 3315 329 3400 Linguae
352 3312 485 3376 bisulcis
508 3313 580 3377 actu
604 3313 707 3398 crispo
730 3314 853 3400 fulgere

256 3425 400 3497 Nongaos,
411 3430 443 3478 16
460 3423 525 3477 ‘ful
531 3442 609 3494 gere
624 3429 749 3496 correpte
762 3444 813 3496 pro
827 3427 935 3497 fulgere
946 3472 951 3481 .
964 3472 968 3481 .
982 3428 1026 3482 .P.
1042 3427 1142 3481 Medo.
1155 3472 1160 3482 .
1173 3430 1190 3483 .’

182 3501 185 3511 ’
257 3522 372 3577 assuas
391 3543 425 3590 ω,
448 3523 587 3577 astuosa
610 3525 699 3579 eaou.
719 3524 880 3594 nxxasq.
899 3524 1025 3580 arsurae
1044 3526 1081 3581 Ν.
1100 3525 1193 3583 aaa

142 3646 145 3650 .
239 3594 316 3648 iactu
335 3594 372 3648 N.
393 3593 484 3648 Faber
