<?xml version="1.0" encoding="UTF-8"?>
<!DOCTYPE html PUBLIC "-//W3C//DTD XHTML 1.0 Transitional//EN"
    "http://www.w3.org/TR/xhtml1/DTD/xhtml1-transitional.dtd">
<html xmlns="http://www.w3.org/1999/xhtml" xml:lang="en" lang="en">
 <head>
  <title>
</title>
<meta http-equiv="Content-Type" content="text/html;charset=utf-8" />
  <meta name='ocr-system' content='tesseract 3.04.00' />
  <meta name='ocr-capabilities' content='ocr_page ocr_carea ocr_par ocr_line ocrx_word'/>
</head>
<body>
  <div class='ocr_page' id='page_1' title='image "./scaenicaeromano06ribbgoog_0323.png"; bbox 0 0 2644 3982; ppageno 0'>
   <div class='ocr_carea' id='block_1_1' title="bbox 179 171 1015 269">
    <p class='ocr_par' dir='ltr' id='par_1_1' title="bbox 179 171 1015 269">
     <span class='ocr_line' id='line_1_1' title="bbox 179 171 1015 269; baseline -0.001 -11"><span class='ocrx_word' id='word_1_1' title='bbox 179 203 248 269; x_wconf 84' lang='lat'>308</span> <span class='ocrx_word' id='word_1_2' title='bbox 355 201 405 256; x_wconf 81' lang='lat' dir='ltr'>nx</span> <span class='ocrx_word' id='word_1_3' title='bbox 422 171 589 256; x_wconf 77' lang='lat' dir='ltr'>munaus</span> <span class='ocrx_word' id='word_1_4' title='bbox 608 201 847 256; x_wconf 77' lang='lat' dir='ltr'>meaaroavu</span> <span class='ocrx_word' id='word_1_5' title='bbox 865 201 1015 257; x_wconf 73' lang='lat' dir='ltr'>rioms</span> 
     </span>
    </p>
   </div>
   <div class='ocr_carea' id='block_1_2' title="bbox 176 359 1072 661">
    <p class='ocr_par' dir='ltr' id='par_1_2' title="bbox 176 359 1072 661">
     <span class='ocr_line' id='line_1_2' title="bbox 177 359 1036 451; baseline -0.001 -20"><span class='ocrx_word' id='word_1_6' title='bbox 177 365 271 432; x_wconf 84' lang='lat' dir='ltr'>Nihil</span> <span class='ocrx_word' id='word_1_7' title='bbox 292 365 408 430; x_wconf 76' lang='lat' dir='ltr'>horum</span> <span class='ocrx_word' id='word_1_8' title='bbox 431 359 573 430; x_wconf 83' lang='lat' dir='ltr'>similest</span> <span class='ocrx_word' id='word_1_9' title='bbox 591 365 676 448; x_wconf 76' lang='lat' dir='ltr'>ripud</span> <span class='ocrx_word' id='word_1_10' title='bbox 698 363 857 430; x_wconf 76' lang='lat' dir='ltr'><strong>Lacaenas</strong></span> <span class='ocrx_word' id='word_1_11' title='bbox 880 362 1036 451; x_wconf 81' lang='lat' dir='ltr'>uirginea,</span> 
     </span>
     <span class='ocr_line' id='line_1_3' title="bbox 178 469 1072 557; baseline -0.002 -21"><span class='ocrx_word' id='word_1_12' title='bbox 178 471 302 548; x_wconf 77' lang='lat' dir='ltr'>Quibus</span> <span class='ocrx_word' id='word_1_13' title='bbox 325 471 428 557; x_wconf 69' lang='lat' dir='ltr'>magis</span> <span class='ocrx_word' id='word_1_14' title='bbox 450 471 609 555; x_wconf 86' lang='lat' dir='ltr'>palaestra</span> <span class='ocrx_word' id='word_1_15' title='bbox 631 470 755 535; x_wconf 73' lang='lat' dir='ltr'>Eurcite</span> <span class='ocrx_word' id='word_1_16' title='bbox 777 469 827 534; x_wconf 87' lang='lat' dir='ltr'>sol</span> <span class='ocrx_word' id='word_1_17' title='bbox 848 470 958 554; x_wconf 88' lang='lat' dir='ltr'>puluis</span> <span class='ocrx_word' id='word_1_18' title='bbox 979 469 1072 535; x_wconf 90' lang='lat' dir='ltr'>labor</span> 
     </span>
     <span class='ocr_line' id='line_1_4' title="bbox 176 577 959 661; baseline 0 -19"><span class='ocrx_word' id='word_1_19' title='bbox 176 577 297 644; x_wconf 84' lang='lat' dir='ltr'>Militia</span> <span class='ocrx_word' id='word_1_20' title='bbox 319 577 426 642; x_wconf 85' lang='lat' dir='ltr'>studio</span> <span class='ocrx_word' id='word_1_21' title='bbox 450 581 499 641; x_wconf 88' lang='lat' dir='ltr'>est</span> <span class='ocrx_word' id='word_1_22' title='bbox 522 578 618 661; x_wconf 72' lang='lat' dir='ltr'>quiam</span> <span class='ocrx_word' id='word_1_23' title='bbox 641 577 792 642; x_wconf 72' lang='lat' dir='ltr'>fertilitas</span> <span class='ocrx_word' id='word_1_24' title='bbox 814 577 959 654; x_wconf 68' lang='lat' dir='ltr'>bitrbare.</span> 
     </span>
    </p>
   </div>
   <div class='ocr_carea' id='block_1_3' title="bbox 175 693 1299 1266">
    <p class='ocr_par' dir='ltr' id='par_1_3' title="bbox 175 693 1299 1266">
     <span class='ocr_line' id='line_1_5' title="bbox 247 693 1187 768; baseline 0.003 -17"><span class='ocrx_word' id='word_1_25' title='bbox 247 697 343 752; x_wconf 79' lang='lat' dir='ltr'>Cicero</span> <span class='ocrx_word' id='word_1_26' title='bbox 361 698 441 752; x_wconf 82' lang='lat' dir='ltr'>Tusc.</span> <span class='ocrx_word' id='word_1_27' title='bbox 462 698 532 768; x_wconf 84' lang='lat' dir='ltr'><strong>disp.</strong></span> <span class='ocrx_word' id='word_1_28' title='bbox 551 699 577 752; x_wconf 95' lang='grc' dir='ltr'>Π</span> <span class='ocrx_word' id='word_1_29' title='bbox 594 705 635 766; x_wconf 83' lang='lat'>15,</span> <span class='ocrx_word' id='word_1_30' title='bbox 650 703 684 750; x_wconf 84' lang='grc'>36</span> <span class='ocrx_word' id='word_1_31' title='bbox 707 693 818 765; x_wconf 85' lang='lat' dir='ltr'>‘itaque</span> <span class='ocrx_word' id='word_1_32' title='bbox 837 697 889 766; x_wconf 80' lang='lat' dir='ltr'>illi,</span> <span class='ocrx_word' id='word_1_33' title='bbox 909 698 958 766; x_wconf 89' lang='lat' dir='ltr'>qui</span> <span class='ocrx_word' id='word_1_34' title='bbox 977 698 1114 756; x_wconf 74' lang='lat' dir='ltr'>Graeciae</span> <span class='ocrx_word' id='word_1_35' title='bbox 1132 699 1187 754; x_wconf 82' lang='lat' dir='ltr'>for-</span> 
     </span>
     <span class='ocr_line' id='line_1_6' title="bbox 176 769 1189 838; baseline 0.003 -15"><span class='ocrx_word' id='word_1_36' title='bbox 176 786 253 823; x_wconf 87' lang='lat' dir='ltr'>mam</span> <span class='ocrx_word' id='word_1_37' title='bbox 277 786 369 824; x_wconf 88' lang='lat' dir='ltr'>rerum</span> <span class='ocrx_word' id='word_1_38' title='bbox 395 769 573 838; x_wconf 86' lang='lat' dir='ltr'>publicarum</span> <span class='ocrx_word' id='word_1_39' title='bbox 600 769 750 837; x_wconf 88' lang='lat' dir='ltr'>dederunt,</span> <span class='ocrx_word' id='word_1_40' title='bbox 779 785 896 838; x_wconf 88' lang='lat' dir='ltr'>corpora</span> <span class='ocrx_word' id='word_1_41' title='bbox 922 769 1058 824; x_wconf 85' lang='lat' dir='ltr'>iuuenum</span> <span class='ocrx_word' id='word_1_42' title='bbox 1082 771 1189 826; x_wconf 79' lang='lat' dir='ltr'>firmari</span> 
     </span>
     <span class='ocr_line' id='line_1_7' title="bbox 175 839 1189 910; baseline 0.003 -18"><span class='ocrx_word' id='word_1_43' title='bbox 175 839 273 894; x_wconf 85' lang='lat' dir='ltr'>labore</span> <span class='ocrx_word' id='word_1_44' title='bbox 295 840 452 895; x_wconf 89' lang='lat' dir='ltr'>uoluerunt.</span> <span class='ocrx_word' id='word_1_45' title='bbox 491 840 572 905; x_wconf 81' lang='lat' dir='ltr'>Quod</span> <span class='ocrx_word' id='word_1_46' title='bbox 590 839 749 910; x_wconf 72' lang='lat' dir='ltr'>Spartiatae</span> <span class='ocrx_word' id='word_1_47' title='bbox 772 839 859 894; x_wconf 90' lang='lat' dir='ltr'>etiam</span> <span class='ocrx_word' id='word_1_48' title='bbox 877 839 907 893; x_wconf 92' lang='lat' dir='ltr'>in</span> <span class='ocrx_word' id='word_1_49' title='bbox 924 840 1044 896; x_wconf 83' lang='lat' dir='ltr'>feminas</span> <span class='ocrx_word' id='word_1_50' title='bbox 1063 843 1189 895; x_wconf 84' lang='lat' dir='ltr'>transtu-</span> 
     </span>
     <span class='ocr_line' id='line_1_8' title="bbox 176 909 1189 982; baseline 0.003 -18"><span class='ocrx_word' id='word_1_51' title='bbox 176 911 282 980; x_wconf 89' lang='lat' dir='ltr'>lerunt,</span> <span class='ocrx_word' id='word_1_52' title='bbox 310 928 382 980; x_wconf 85' lang='lat' dir='ltr'>quae</span> <span class='ocrx_word' id='word_1_53' title='bbox 410 911 511 966; x_wconf 87' lang='lat' dir='ltr'>ceteris</span> <span class='ocrx_word' id='word_1_54' title='bbox 533 911 564 964; x_wconf 91' lang='lat' dir='ltr'>in</span> <span class='ocrx_word' id='word_1_55' title='bbox 585 911 702 965; x_wconf 78' lang='lat' dir='ltr'>urbibus</span> <span class='ocrx_word' id='word_1_56' title='bbox 725 909 890 965; x_wconf 80' lang='lat' dir='ltr'>mollissimo</span> <span class='ocrx_word' id='word_1_57' title='bbox 913 911 992 966; x_wconf 89' lang='lat' dir='ltr'>cultu</span> <span class='ocrx_word' id='word_1_58' title='bbox 1015 912 1189 982; x_wconf 86' lang='lat' dir='ltr'>parietum</span> 
     </span>
     <span class='ocr_line' id='line_1_9' title="bbox 177 981 1188 1038; baseline 0.002 -2"><span class='ocrx_word' id='word_1_59' title='bbox 177 983 306 1037; x_wconf 85' lang='lat' dir='ltr'>umbris</span> <span class='ocrx_word' id='word_1_60' title='bbox 334 983 547 1038; x_wconf 86' lang='lat' dir='ltr'>occuluntur.</span> <span class='ocrx_word' id='word_1_61' title='bbox 582 981 629 1036; x_wconf 88' lang='lat' dir='ltr'>Illi</span> <span class='ocrx_word' id='word_1_62' title='bbox 656 984 752 1036; x_wconf 83' lang='lat' dir='ltr'>autem</span> <span class='ocrx_word' id='word_1_63' title='bbox 778 982 929 1036; x_wconf 87' lang='lat' dir='ltr'>uoluerunt</span> <span class='ocrx_word' id='word_1_64' title='bbox 955 983 1047 1037; x_wconf 85' lang='lat' dir='ltr'>nihil</span> <span class='ocrx_word' id='word_1_65' title='bbox 1069 984 1188 1038; x_wconf 88' lang='lat' dir='ltr'>horum</span> 
     </span>
     <span class='ocr_line' id='line_1_10' title="bbox 178 1053 1299 1123; baseline 0 -15"><span class='ocrx_word' id='word_1_66' title='bbox 178 1053 290 1108; x_wconf 87' lang='lat' dir='ltr'>simile</span> <span class='ocrx_word' id='word_1_67' title='bbox 313 1071 388 1109; x_wconf 90' lang='lat' dir='ltr'>esse</span> <span class='ocrx_word' id='word_1_68' title='bbox 411 1053 500 1123; x_wconf 87' lang='lat' dir='ltr'>apud</span> <span class='ocrx_word' id='word_1_69' title='bbox 522 1054 711 1108; x_wconf 85' lang='lat' dir='ltr'>Lacaenas’</span> <span class='ocrx_word' id='word_1_70' title='bbox 735 1069 805 1121; x_wconf 86' lang='lat' dir='ltr'>aq.</span> <span class='ocrx_word' id='word_1_71' title='bbox 826 1071 847 1108; x_wconf 92' lang='lat' dir='ltr'>s.</span> <span class='ocrx_word' id='word_1_72' title='bbox 884 1054 1022 1108; x_wconf 88' lang='lat' dir='ltr'>Versuum</span> <span class='ocrx_word' id='word_1_73' title='bbox 1044 1060 1187 1109; x_wconf 76' lang='lat'><strong>206-208</strong></span> <span class='ocrx_word' id='word_1_74' title='bbox 1298 1083 1299 1102; x_wconf 66' lang='lat'>1</span> 
     </span>
     <span class='ocr_line' id='line_1_11' title="bbox 176 1124 1299 1195; baseline 0.002 -17"><span class='ocrx_word' id='word_1_75' title='bbox 176 1125 313 1179; x_wconf 83' lang='lat' dir='ltr'>indicium</span> <span class='ocrx_word' id='word_1_76' title='bbox 336 1125 443 1194; x_wconf 88' lang='lat' dir='ltr'>primns</span> <span class='ocrx_word' id='word_1_77' title='bbox 466 1125 535 1179; x_wconf 85' lang='lat' dir='ltr'>fecit</span> <span class='ocrx_word' id='word_1_78' title='bbox 553 1124 687 1194; x_wconf 82' lang='lat' dir='ltr'>Scaliger.</span> <span class='ocrx_word' id='word_1_79' title='bbox 723 1124 765 1178; x_wconf 83' lang='lat' dir='ltr'>Ex</span> <span class='ocrx_word' id='word_1_80' title='bbox 788 1124 931 1195; x_wconf 81' lang='lat' dir='ltr'>Meleagro</span> <span class='ocrx_word' id='word_1_81' title='bbox 954 1125 1033 1180; x_wconf 87' lang='lat' dir='ltr'>Accii</span> <span class='ocrx_word' id='word_1_82' title='bbox 1056 1125 1190 1180; x_wconf 82' lang='lat' dir='ltr'>ridentur</span> <span class='ocrx_word' id='word_1_83' title='bbox 1298 1129 1299 1192; x_wconf 37' lang='lat' dir='ltr'>J</span> 
     </span>
     <span class='ocr_line' id='line_1_12' title="bbox 178 1199 1217 1266; baseline 0.001 -17"><span class='ocrx_word' id='word_1_84' title='bbox 178 1199 291 1266; x_wconf 88' lang='lat' dir='ltr'>sumpta</span> <span class='ocrx_word' id='word_1_85' title='bbox 310 1213 379 1251; x_wconf 87' lang='lat' dir='ltr'>esse.</span> <span class='ocrx_word' id='word_1_86' title='bbox 1214 1243 1217 1250; x_wconf 86' lang='lat'><em>.</em></span> 
     </span>
    </p>
   </div>
   <div class='ocr_carea' id='block_1_4' title="bbox 250 1292 1189 1364">
    <p class='ocr_par' dir='ltr' id='par_1_4' title="bbox 250 1292 1189 1364">
     <span class='ocr_line' id='line_1_13' title="bbox 250 1292 1189 1364; baseline 0.001 -17"><span class='ocrx_word' id='word_1_87' title='bbox 250 1300 264 1347; x_wconf 94' lang='lat'>1</span> <span class='ocrx_word' id='word_1_88' title='bbox 291 1293 433 1363; x_wconf 85' lang='lat' dir='ltr'>parietum</span> <span class='ocrx_word' id='word_1_89' title='bbox 459 1293 565 1347; x_wconf 89' lang='lat' dir='ltr'>umbris</span> <span class='ocrx_word' id='word_1_90' title='bbox 593 1293 758 1347; x_wconf 87' lang='lat' dir='ltr'>occuluntur</span> <span class='ocrx_word' id='word_1_91' title='bbox 787 1293 879 1348; x_wconf 77' lang='lat' dir='ltr'>Cicero</span> <span class='ocrx_word' id='word_1_92' title='bbox 951 1299 967 1346; x_wconf 81' lang='lat'><strong>2</strong></span> <span class='ocrx_word' id='word_1_93' title='bbox 991 1292 1082 1347; x_wconf 86' lang='lat' dir='ltr'>simile</span> <span class='ocrx_word' id='word_1_94' title='bbox 1111 1295 1189 1364; x_wconf 86' lang='lat' dir='ltr'>apud</span> 
     </span>
    </p>
   </div>
   <div class='ocr_carea' id='block_1_5' title="bbox 110 1362 1299 1632">
    <p class='ocr_par' dir='ltr' id='par_1_5' title="bbox 110 1362 1299 1632">
     <span class='ocr_line' id='line_1_14' title="bbox 178 1362 1299 1436; baseline 0 -16"><span class='ocrx_word' id='word_1_95' title='bbox 178 1365 301 1436; x_wconf 64' lang='lat' dir='ltr'>Scaliger</span> <span class='ocrx_word' id='word_1_96' title='bbox 354 1371 370 1418; x_wconf 83' lang='lat'><strong>3</strong></span> <span class='ocrx_word' id='word_1_97' title='bbox 389 1364 509 1418; x_wconf 85' lang='lat' dir='ltr'>Eurotas</span> <span class='ocrx_word' id='word_1_98' title='bbox 527 1366 586 1420; x_wconf 78' lang='lat' dir='ltr'>edd.</span> <span class='ocrx_word' id='word_1_99' title='bbox 640 1372 658 1418; x_wconf 86' lang='lat'>4</span> <span class='ocrx_word' id='word_1_100' title='bbox 677 1362 783 1418; x_wconf 83' lang='lat' dir='ltr'>duritia</span> <span class='ocrx_word' id='word_1_101' title='bbox 799 1365 941 1419; x_wconf 77' lang='lat' dir='ltr'>Beattea&#39;us</span> <span class='ocrx_word' id='word_1_102' title='bbox 993 1363 1087 1418; x_wconf 88' lang='lat' dir='ltr'>studio</span> <span class='ocrx_word' id='word_1_103' title='bbox 1102 1365 1149 1420; x_wconf 84' lang='lat' dir='ltr'>La</span> <span class='ocrx_word' id='word_1_104' title='bbox 1176 1397 1187 1406; x_wconf 93' lang='lat'>-</span> <span class='ocrx_word' id='word_1_105' title='bbox 1298 1433 1299 1436; x_wconf 12' lang='lat' dir='ltr'>J</span> 
     </span>
     <span class='ocr_line' id='line_1_15' title="bbox 121 1434 1299 1508; baseline 0.001 -17"><span class='ocrx_word' id='word_1_106' title='bbox 121 1451 124 1458; x_wconf 77' lang='grc'>’</span> <span class='ocrx_word' id='word_1_107' title='bbox 179 1438 260 1491; x_wconf 65' lang='lat' dir='ltr'>bruas</span> <span class='ocrx_word' id='word_1_108' title='bbox 277 1437 460 1492; x_wconf 66' lang='lat' dir='ltr'>eternoacum.</span> <span class='ocrx_word' id='word_1_109' title='bbox 480 1437 593 1505; x_wconf 76' lang='lat' dir='ltr'>aliquot,</span> <span class='ocrx_word' id='word_1_110' title='bbox 611 1438 637 1490; x_wconf 79' lang='lat' dir='ltr'>ai</span> <span class='ocrx_word' id='word_1_111' title='bbox 653 1437 720 1503; x_wconf 65' lang='lat' dir='ltr'>fides</span> <span class='ocrx_word' id='word_1_112' title='bbox 737 1436 918 1491; x_wconf 65' lang='lat' dir='ltr'>collateratur.</span> <span class='ocrx_word' id='word_1_113' title='bbox 942 1434 972 1488; x_wconf 88' lang='lat' dir='ltr'>in</span> <span class='ocrx_word' id='word_1_114' title='bbox 990 1435 1085 1504; x_wconf 84' lang='lat' dir='ltr'>studio</span> <span class='ocrx_word' id='word_1_115' title='bbox 1104 1457 1135 1504; x_wconf 85' lang='grc' dir='ltr'>φ,</span> <span class='ocrx_word' id='word_1_116' title='bbox 1154 1438 1189 1492; x_wconf 79' lang='lat' dir='ltr'>de</span> <span class='ocrx_word' id='word_1_117' title='bbox 1298 1437 1299 1508; x_wconf 67' lang='lat' dir='ltr'>s</span> 
     </span>
     <span class='ocr_line' id='line_1_16' title="bbox 177 1505 1299 1577; baseline -0.001 -16"><span class='ocrx_word' id='word_1_118' title='bbox 177 1525 233 1577; x_wconf 78' lang='lat' dir='ltr'>qua</span> <span class='ocrx_word' id='word_1_119' title='bbox 245 1509 384 1576; x_wconf 78' lang='lat' dir='ltr'>scriptura</span> <span class='ocrx_word' id='word_1_120' title='bbox 398 1509 434 1574; x_wconf 76' lang='lat' dir='ltr'>ef.</span> <span class='ocrx_word' id='word_1_121' title='bbox 448 1507 645 1562; x_wconf 77' lang='lat' dir='ltr'>Lochmurmcs</span> <span class='ocrx_word' id='word_1_122' title='bbox 658 1509 690 1560; x_wconf 78' lang='lat' dir='ltr'>iu</span> <span class='ocrx_word' id='word_1_123' title='bbox 703 1507 787 1561; x_wconf 68' lang='lat' dir='ltr'>Intcu</span> <span class='ocrx_word' id='word_1_124' title='bbox 802 1507 851 1560; x_wconf 93' lang='lat' dir='ltr'>IV</span> <span class='ocrx_word' id='word_1_125' title='bbox 862 1511 914 1560; x_wconf 74' lang='lat'>283</span> <span class='ocrx_word' id='word_1_126' title='bbox 968 1505 1092 1560; x_wconf 80' lang='lat' dir='ltr'>facilitas</span> <span class='ocrx_word' id='word_1_127' title='bbox 1106 1508 1186 1562; x_wconf 71' lang='lat' dir='ltr'>Leto.</span> <span class='ocrx_word' id='word_1_128' title='bbox 1298 1511 1299 1560; x_wconf 59' lang='grc' dir='ltr'>ἶ</span> 
     </span>
     <span class='ocr_line' id='line_1_17' title="bbox 110 1567 1299 1632; baseline 0 0"><span class='ocrx_word' id='word_1_129' title='bbox 110 1576 112 1579; x_wconf 73' lang='grc'><strong>’</strong></span> <span class='ocrx_word' id='word_1_130' title='bbox 180 1579 358 1632; x_wconf 71' lang='lat' dir='ltr'>Octaueno</span> <span class='ocrx_word' id='word_1_131' title='bbox 375 1576 499 1631; x_wconf 80' lang='lat' dir='ltr'>futilitas</span> <span class='ocrx_word' id='word_1_132' title='bbox 518 1578 660 1632; x_wconf 76' lang='lat' dir='ltr'>Bentleics</span> <span class='ocrx_word' id='word_1_133' title='bbox 906 1587 909 1593; x_wconf 90' lang='lat'>&#39;</span> <span class='ocrx_word' id='word_1_134' title='bbox 1298 1567 1299 1594; x_wconf 66' lang='lat' dir='ltr'>J</span> 
     </span>
    </p>
   </div>
   <div class='ocr_carea' id='block_1_6' title="bbox 134 1707 1188 2062">
    <p class='ocr_par' dir='ltr' id='par_1_6' title="bbox 134 1707 1188 2062">
     <span class='ocr_line' id='line_1_18' title="bbox 134 1707 723 1774; baseline -0.014 0"><span class='ocrx_word' id='word_1_135' title='bbox 134 1768 138 1774; x_wconf 89' lang='lat'><em>.</em></span> <span class='ocrx_word' id='word_1_136' title='bbox 294 1761 296 1766; x_wconf 94' lang='lat'>.</span> <span class='ocrx_word' id='word_1_137' title='bbox 346 1753 348 1756; x_wconf 93' lang='lat'>-</span> <span class='ocrx_word' id='word_1_138' title='bbox 642 1707 723 1768; x_wconf 84' lang='lat' dir='ltr'><strong>OXII</strong></span> 
     </span>
     <span class='ocr_line' id='line_1_19' title="bbox 177 1779 886 1895; baseline -0.001 -21"><span class='ocrx_word' id='word_1_139' title='bbox 177 1809 224 1874; x_wconf 85' lang='lat' dir='ltr'>Vt</span> <span class='ocrx_word' id='word_1_140' title='bbox 246 1811 368 1874; x_wconf 80' lang='lat' dir='ltr'>multus</span> <span class='ocrx_word' id='word_1_141' title='bbox 391 1833 408 1874; x_wconf 86' lang='lat' dir='ltr'>e</span> <span class='ocrx_word' id='word_1_142' title='bbox 430 1810 609 1874; x_wconf 82' lang='lat' dir='ltr'>uisoe‘ribus</span> <span class='ocrx_word' id='word_1_143' title='bbox 630 1779 762 1895; x_wconf 79' lang='lat' dir='ltr'>sanguis</span> <span class='ocrx_word' id='word_1_144' title='bbox 785 1811 886 1875; x_wconf 73' lang='lat' dir='ltr'>circat.</span> 
     </span>
     <span class='ocr_line' id='line_1_20' title="bbox 248 1921 1187 2002; baseline 0.001 -26"><span class='ocrx_word' id='word_1_145' title='bbox 248 1921 344 1976; x_wconf 82' lang='lat' dir='ltr'>Cicero</span> <span class='ocrx_word' id='word_1_146' title='bbox 361 1923 442 1978; x_wconf 81' lang='lat' dir='ltr'>Tuso.</span> <span class='ocrx_word' id='word_1_147' title='bbox 462 1921 532 1991; x_wconf 86' lang='lat' dir='ltr'>disp.</span> <span class='ocrx_word' id='word_1_148' title='bbox 547 1921 573 1974; x_wconf 95' lang='grc' dir='ltr'><strong><em>Π</em></strong></span> <span class='ocrx_word' id='word_1_149' title='bbox 588 1928 634 1989; x_wconf 83' lang='grc'>14,</span> <span class='ocrx_word' id='word_1_150' title='bbox 648 1927 684 1974; x_wconf 83' lang='grc'>34</span> <span class='ocrx_word' id='word_1_151' title='bbox 708 1921 846 1988; x_wconf 82' lang='lat' dir='ltr'>‘itemque</span> <span class='ocrx_word' id='word_1_152' title='bbox 870 1921 1005 1992; x_wconf 82' lang='lat' dir='ltr'>Lycurgi&#39;</span> <span class='ocrx_word' id='word_1_153' title='bbox 1026 1925 1074 2002; x_wconf 66' lang='lat' dir='ltr'>(so.</span> <span class='ocrx_word' id='word_1_154' title='bbox 1095 1922 1187 1994; x_wconf 82' lang='lat' dir='ltr'>leges)</span> 
     </span>
     <span class='ocr_line' id='line_1_21' title="bbox 179 1992 1188 2062; baseline 0.002 -16"><span class='ocrx_word' id='word_1_155' title='bbox 179 1993 337 2048; x_wconf 83' lang='lat' dir='ltr'>‘laboribus</span> <span class='ocrx_word' id='word_1_156' title='bbox 356 1993 488 2048; x_wconf 84' lang='lat' dir='ltr'>erudiunt</span> <span class='ocrx_word' id='word_1_157' title='bbox 501 1993 677 2047; x_wconf 85' lang='lat' dir='ltr'>iuuentutem</span> <span class='ocrx_word' id='word_1_158' title='bbox 691 2037 697 2047; x_wconf 94' lang='lat'><strong>.</strong></span> <span class='ocrx_word' id='word_1_159' title='bbox 709 2037 732 2047; x_wconf 91' lang='lat'>..</span> <span class='ocrx_word' id='word_1_160' title='bbox 748 1992 866 2061; x_wconf 83' lang='lat' dir='ltr'>Spartae</span> <span class='ocrx_word' id='word_1_161' title='bbox 880 2009 947 2046; x_wconf 86' lang='lat' dir='ltr'>uero</span> <span class='ocrx_word' id='word_1_162' title='bbox 960 2009 1041 2062; x_wconf 84' lang='lat' dir='ltr'>puen</span> <span class='ocrx_word' id='word_1_163' title='bbox 1054 1993 1092 2047; x_wconf 86' lang='lat' dir='ltr'>ad</span> <span class='ocrx_word' id='word_1_164' title='bbox 1107 2010 1188 2048; x_wconf 86' lang='lat' dir='ltr'>aram</span> 
     </span>
    </p>
   </div>
   <div class='ocr_carea' id='block_1_7' title="bbox 89 2063 1186 2190">
    <p class='ocr_par' dir='ltr' id='par_1_7' title="bbox 89 2063 1186 2190">
     <span class='ocr_line' id='line_1_22' title="bbox 178 2063 1186 2135; baseline 0.002 -17"><span class='ocrx_word' id='word_1_165' title='bbox 178 2064 219 2119; x_wconf 90' lang='lat' dir='ltr'>sic</span> <span class='ocrx_word' id='word_1_166' title='bbox 237 2064 400 2119; x_wconf 81' lang='lat' dir='ltr'>uerberibus</span> <span class='ocrx_word' id='word_1_167' title='bbox 419 2064 602 2133; x_wconf 87' lang='lat' dir='ltr'>accipiuntur,</span> <span class='ocrx_word' id='word_1_168' title='bbox 621 2067 658 2118; x_wconf 91' lang='lat' dir='ltr'>ut</span> <span class='ocrx_word' id='word_1_169' title='bbox 675 2063 817 2118; x_wconf 90' lang='lat' dir='ltr'>multus’</span> <span class='ocrx_word' id='word_1_170' title='bbox 838 2080 861 2117; x_wconf 87' lang='lat' dir='ltr'>e.</span> <span class='ocrx_word' id='word_1_171' title='bbox 876 2081 902 2132; x_wconf 87' lang='lat' dir='ltr'>q.</span> <span class='ocrx_word' id='word_1_172' title='bbox 918 2083 939 2119; x_wconf 89' lang='lat' dir='ltr'>s.</span> <span class='ocrx_word' id='word_1_173' title='bbox 967 2065 1056 2118; x_wconf 91' lang='lat' dir='ltr'>Versu</span> <span class='ocrx_word' id='word_1_174' title='bbox 1074 2064 1186 2135; x_wconf 80' lang='lat' dir='ltr'>tragico</span> 
     </span>
     <span class='ocr_line' id='line_1_23' title="bbox 89 2135 840 2190; baseline 0 0"><span class='ocrx_word' id='word_1_175' title='bbox 89 2167 92 2171; x_wconf 95' lang='lat'>·</span> <span class='ocrx_word' id='word_1_176' title='bbox 178 2135 339 2190; x_wconf 78' lang='lat' dir='ltr'>Ciceronem</span> <span class='ocrx_word' id='word_1_177' title='bbox 357 2136 405 2189; x_wconf 91' lang='lat' dir='ltr'>uti.</span> <span class='ocrx_word' id='word_1_178' title='bbox 419 2135 618 2190; x_wconf 84' lang='lat' dir='ltr'>animadvertit</span> <span class='ocrx_word' id='word_1_179' title='bbox 635 2135 840 2190; x_wconf 89' lang='lat' dir='ltr'>Lachmannus.</span> 
     </span>
    </p>
   </div>
   <div class='ocr_carea' id='block_1_8' title="bbox 125 2233 1188 2581">
    <p class='ocr_par' dir='ltr' id='par_1_8' title="bbox 125 2233 1188 2581">
     <span class='ocr_line' id='line_1_24' title="bbox 130 2233 489 2288; baseline 0.008 -5"><span class='ocrx_word' id='word_1_180' title='bbox 130 2278 132 2283; x_wconf 93' lang='lat'><em>.</em></span> <span class='ocrx_word' id='word_1_181' title='bbox 248 2233 345 2287; x_wconf 85' lang='lat' dir='ltr'>multis</span> <span class='ocrx_word' id='word_1_182' title='bbox 364 2234 489 2288; x_wconf 78' lang='lat' dir='ltr'>Bruxett.</span> 
     </span>
     <span class='ocr_line' id='line_1_25' title="bbox 635 2311 731 2370; baseline 0 0"><span class='ocrx_word' id='word_1_183' title='bbox 635 2311 731 2370; x_wconf 71' lang='lat' dir='ltr'>CXIII</span> 
     </span>
     <span class='ocr_line' id='line_1_26' title="bbox 125 2401 1188 2506; baseline 0.002 -29"><span class='ocrx_word' id='word_1_184' title='bbox 125 2428 177 2477; x_wconf 79' lang='lat'>210</span> <span class='ocrx_word' id='word_1_185' title='bbox 187 2411 255 2506; x_wconf 74' lang='lat' dir='ltr'>Vos</span> <span class='ocrx_word' id='word_1_186' title='bbox 273 2412 359 2475; x_wconf 88' lang='lat' dir='ltr'>enim</span> <span class='ocrx_word' id='word_1_187' title='bbox 377 2413 508 2476; x_wconf 88' lang='lat' dir='ltr'>iuuenes</span> <span class='ocrx_word' id='word_1_188' title='bbox 522 2403 665 2476; x_wconf 72' lang='lat' dir='ltr'>animum</span> <span class='ocrx_word' id='word_1_189' title='bbox 679 2401 791 2496; x_wconf 67' lang='lat' dir='ltr'>geritis</span> <span class='ocrx_word' id='word_1_190' title='bbox 806 2410 1004 2496; x_wconf 79' lang='lat' dir='ltr'>muliebrem,</span> <span class='ocrx_word' id='word_1_191' title='bbox 1022 2414 1079 2478; x_wconf 85' lang='lat' dir='ltr'>ille</span> <span class='ocrx_word' id='word_1_192' title='bbox 1092 2415 1188 2501; x_wconf 73' lang='lat' dir='ltr'>uirgo</span> 
     </span>
     <span class='ocr_line' id='line_1_27' title="bbox 813 2539 943 2581; baseline 0.008 -1"><span class='ocrx_word' id='word_1_193' title='bbox 813 2539 886 2581; x_wconf 91' lang='lat' dir='ltr'>u1r1.</span> <span class='ocrx_word' id='word_1_194' title='bbox 941 2567 943 2569; x_wconf 87' lang='grc'>-</span> 
     </span>
    </p>
   </div>
   <div class='ocr_carea' id='block_1_9' title="bbox 38 2618 1299 3056">
    <p class='ocr_par' dir='ltr' id='par_1_9' title="bbox 177 2618 1189 2835">
     <span class='ocr_line' id='line_1_28' title="bbox 250 2618 1189 2700; baseline 0.004 -25"><span class='ocrx_word' id='word_1_195' title='bbox 250 2621 344 2676; x_wconf 74' lang='lat' dir='ltr'>Cicero</span> <span class='ocrx_word' id='word_1_196' title='bbox 372 2619 407 2674; x_wconf 89' lang='lat' dir='ltr'>de</span> <span class='ocrx_word' id='word_1_197' title='bbox 430 2620 475 2675; x_wconf 88' lang='lat' dir='ltr'>off.</span> <span class='ocrx_word' id='word_1_198' title='bbox 495 2621 508 2673; x_wconf 94' lang='lat' dir='ltr'>I</span> <span class='ocrx_word' id='word_1_199' title='bbox 528 2624 573 2689; x_wconf 88' lang='lat'>18,</span> <span class='ocrx_word' id='word_1_200' title='bbox 588 2626 621 2673; x_wconf 85' lang='lat'>61</span> <span class='ocrx_word' id='word_1_201' title='bbox 653 2618 890 2700; x_wconf 79' lang='lat' dir='ltr'>‘intellegendum</span> <span class='ocrx_word' id='word_1_202' title='bbox 917 2624 1012 2676; x_wconf 87' lang='lat' dir='ltr'>eutem</span> <span class='ocrx_word' id='word_1_203' title='bbox 1027 2626 1094 2694; x_wconf 81' lang='lat' dir='ltr'>est,</span> <span class='ocrx_word' id='word_1_204' title='bbox 1123 2641 1189 2678; x_wconf 87' lang='lat' dir='ltr'>cum</span> 
     </span>
     <span class='ocr_line' id='line_1_29' title="bbox 177 2689 1188 2764; baseline 0.002 -16"><span class='ocrx_word' id='word_1_205' title='bbox 177 2693 323 2764; x_wconf 82' lang='lat' dir='ltr'>proposita</span> <span class='ocrx_word' id='word_1_206' title='bbox 341 2691 398 2745; x_wconf 86' lang='lat' dir='ltr'>sint</span> <span class='ocrx_word' id='word_1_207' title='bbox 415 2707 519 2762; x_wconf 85' lang='lat' dir='ltr'>genera</span> <span class='ocrx_word' id='word_1_208' title='bbox 537 2693 680 2760; x_wconf 84' lang='lat' dir='ltr'>quattuor,</span> <span class='ocrx_word' id='word_1_209' title='bbox 701 2706 716 2743; x_wconf 87' lang='lat' dir='ltr'>e</span> <span class='ocrx_word' id='word_1_210' title='bbox 734 2689 836 2758; x_wconf 85' lang='lat' dir='ltr'>qmbus</span> <span class='ocrx_word' id='word_1_211' title='bbox 855 2691 988 2746; x_wconf 83' lang='lat' dir='ltr'>honestas</span> <span class='ocrx_word' id='word_1_212' title='bbox 1008 2693 1188 2764; x_wconf 85' lang='lat' dir='ltr'>officiumque</span> 
     </span>
     <span class='ocr_line' id='line_1_30' title="bbox 178 2759 1188 2835; baseline 0.004 -17"><span class='ocrx_word' id='word_1_213' title='bbox 178 2765 314 2832; x_wconf 83' lang='lat' dir='ltr'>manaret,</span> <span class='ocrx_word' id='word_1_214' title='bbox 333 2761 592 2833; x_wconf 81' lang='lat' dir='ltr'>splendidissimum</span> <span class='ocrx_word' id='word_1_215' title='bbox 609 2759 707 2830; x_wconf 87' lang='lat' dir='ltr'>uideri,</span> <span class='ocrx_word' id='word_1_216' title='bbox 726 2761 802 2828; x_wconf 87' lang='lat' dir='ltr'>quod</span> <span class='ocrx_word' id='word_1_217' title='bbox 821 2761 915 2816; x_wconf 87' lang='lat' dir='ltr'>animo</span> <span class='ocrx_word' id='word_1_218' title='bbox 933 2781 1036 2834; x_wconf 81' lang='lat' dir='ltr'>magno</span> <span class='ocrx_word' id='word_1_219' title='bbox 1054 2765 1188 2835; x_wconf 80' lang='lat' dir='ltr'>elatoque</span> 
     </span>
    </p>

    <p class='ocr_par' dir='ltr' id='par_1_10' title="bbox 38 2832 1299 3056">
     <span class='ocr_line' id='line_1_31' title="bbox 38 2832 1299 2906; baseline 0.004 -18"><span class='ocrx_word' id='word_1_220' title='bbox 38 2841 40 2844; x_wconf 84' lang='lat'>&#39;</span> <span class='ocrx_word' id='word_1_221' title='bbox 104 2897 106 2899; x_wconf 18' lang='lat'>¹</span> <span class='ocrx_word' id='word_1_222' title='bbox 178 2835 371 2902; x_wconf 84' lang='lat' dir='ltr'>humanasque</span> <span class='ocrx_word' id='word_1_223' title='bbox 402 2850 446 2888; x_wconf 85' lang='lat' dir='ltr'>rea</span> <span class='ocrx_word' id='word_1_224' title='bbox 478 2832 649 2903; x_wconf 79' lang='lat' dir='ltr'>despiciente</span> <span class='ocrx_word' id='word_1_225' title='bbox 677 2832 784 2886; x_wconf 87' lang='lat' dir='ltr'>factum</span> <span class='ocrx_word' id='word_1_226' title='bbox 811 2832 856 2898; x_wconf 82' lang='lat' dir='ltr'>sit.</span> <span class='ocrx_word' id='word_1_227' title='bbox 893 2833 992 2902; x_wconf 85' lang='lat' dir='ltr'>Itaque</span> <span class='ocrx_word' id='word_1_228' title='bbox 1019 2835 1050 2889; x_wconf 91' lang='lat' dir='ltr'>in</span> <span class='ocrx_word' id='word_1_229' title='bbox 1075 2837 1189 2906; x_wconf 75' lang='lat' dir='ltr'>probris</span> <span class='ocrx_word' id='word_1_230' title='bbox 1298 2839 1299 2892; x_wconf 72' lang='lat' dir='ltr'>t</span> 
     </span>
     <span class='ocr_line' id='line_1_32' title="bbox 178 2902 1299 2974; baseline 0.004 -15"><span class='ocrx_word' id='word_1_231' title='bbox 178 2905 300 2960; x_wconf 87' lang='lat' dir='ltr'>maxime</span> <span class='ocrx_word' id='word_1_232' title='bbox 318 2905 497 2974; x_wconf 82' lang='lat' dir='ltr'>inpromptu</span> <span class='ocrx_word' id='word_1_233' title='bbox 515 2907 572 2973; x_wconf 82' lang='lat' dir='ltr'>est,</span> <span class='ocrx_word' id='word_1_234' title='bbox 597 2903 620 2958; x_wconf 87' lang='lat' dir='ltr'>si</span> <span class='ocrx_word' id='word_1_235' title='bbox 638 2902 706 2972; x_wconf 90' lang='lat' dir='ltr'>quid</span> <span class='ocrx_word' id='word_1_236' title='bbox 724 2902 783 2956; x_wconf 83' lang='lat' dir='ltr'>tale</span> <span class='ocrx_word' id='word_1_237' title='bbox 802 2903 859 2957; x_wconf 86' lang='lat' dir='ltr'>dici</span> <span class='ocrx_word' id='word_1_238' title='bbox 876 2907 983 2974; x_wconf 88' lang='lat' dir='ltr'>potest:</span> <span class='ocrx_word' id='word_1_239' title='bbox 1001 2923 1062 2961; x_wconf 84' lang='lat' dir='ltr'>uos</span> <span class='ocrx_word' id='word_1_240' title='bbox 1081 2907 1186 2962; x_wconf 87' lang='lat' dir='ltr'>enim’</span> <span class='ocrx_word' id='word_1_241' title='bbox 1298 2905 1299 2930; x_wconf 68' lang='lat'><em>²</em></span> 
     </span>
     <span class='ocr_line' id='line_1_33' title="bbox 179 2974 1299 3056; baseline 0.002 -25"><span class='ocrx_word' id='word_1_242' title='bbox 179 2994 202 3033; x_wconf 92' lang='lat' dir='ltr'>e.</span> <span class='ocrx_word' id='word_1_243' title='bbox 213 2995 239 3046; x_wconf 91' lang='lat' dir='ltr'>q.</span> <span class='ocrx_word' id='word_1_244' title='bbox 250 2995 272 3031; x_wconf 89' lang='lat' dir='ltr'>s.</span> <span class='ocrx_word' id='word_1_245' title='bbox 301 2977 342 3030; x_wconf 88' lang='lat' dir='ltr'>‘et</span> <span class='ocrx_word' id='word_1_246' title='bbox 355 2977 379 3030; x_wconf 87' lang='lat' dir='ltr'>si</span> <span class='ocrx_word' id='word_1_247' title='bbox 392 2975 461 3043; x_wconf 89' lang='lat' dir='ltr'>quid</span> <span class='ocrx_word' id='word_1_248' title='bbox 475 2974 627 3030; x_wconf 83' lang='lat' dir='ltr'>eiusmodi:</span> <span class='ocrx_word' id='word_1_249' title='bbox 640 2974 816 3048; x_wconf 76' lang='lat' dir='ltr'>[Enn.338].’</span> <span class='ocrx_word' id='word_1_250' title='bbox 843 2975 986 3046; x_wconf 76' lang='lat' dir='ltr'>Meleagro</span> <span class='ocrx_word' id='word_1_251' title='bbox 995 2977 1075 3032; x_wconf 88' lang='lat' dir='ltr'>Accii</span> <span class='ocrx_word' id='word_1_252' title='bbox 1088 2977 1187 3034; x_wconf 86' lang='lat' dir='ltr'>tribui.</span> <span class='ocrx_word' id='word_1_253' title='bbox 1298 2975 1299 3056; x_wconf 94' lang='lat' dir='ltr'>J</span> 
     </span>
    </p>
   </div>
   <div class='ocr_carea' id='block_1_10' title="bbox 134 3072 1246 3298">
    <p class='ocr_par' dir='ltr' id='par_1_11' title="bbox 134 3072 1246 3298">
     <span class='ocr_line' id='line_1_34' title="bbox 134 3072 1246 3144; baseline 0.001 -13"><span class='ocrx_word' id='word_1_254' title='bbox 134 3079 135 3082; x_wconf 72' lang='grc'>’</span> <span class='ocrx_word' id='word_1_255' title='bbox 250 3074 439 3144; x_wconf 67' lang='lat' dir='ltr'>&amp;ptenarium</span> <span class='ocrx_word' id='word_1_256' title='bbox 456 3074 576 3128; x_wconf 76' lang='lat' dir='ltr'>restituit</span> <span class='ocrx_word' id='word_1_257' title='bbox 592 3073 788 3127; x_wconf 77' lang='lat' dir='ltr'>Lachmarmus</span> <span class='ocrx_word' id='word_1_258' title='bbox 841 3072 946 3127; x_wconf 89' lang='lat' dir='ltr'>etenim</span> <span class='ocrx_word' id='word_1_259' title='bbox 964 3075 1048 3130; x_wconf 79' lang='lat' dir='ltr'>Rern.</span> <span class='ocrx_word' id='word_1_260' title='bbox 1063 3095 1081 3132; x_wconf 86' lang='lat' dir='ltr'>a</span> <span class='ocrx_word' id='word_1_261' title='bbox 1134 3077 1189 3132; x_wconf 88' lang='lat' dir='ltr'>illa</span> <span class='ocrx_word' id='word_1_262' title='bbox 1243 3117 1246 3120; x_wconf 91' lang='lat'>-</span> 
     </span>
     <span class='ocr_line' id='line_1_35' title="bbox 180 3143 1190 3218; baseline 0.005 -18"><span class='ocrx_word' id='word_1_263' title='bbox 180 3149 274 3201; x_wconf 91' lang='lat' dir='ltr'>autem</span> <span class='ocrx_word' id='word_1_264' title='bbox 293 3143 347 3199; x_wconf 89' lang='lat' dir='ltr'>uiri</span> <span class='ocrx_word' id='word_1_265' title='bbox 367 3144 585 3199; x_wconf 77' lang='lat' dir='ltr'>OFWMuetter</span> <span class='ocrx_word' id='word_1_266' title='bbox 602 3145 670 3198; x_wconf 80' lang='lat' dir='ltr'>cont.</span> <span class='ocrx_word' id='word_1_267' title='bbox 686 3143 1047 3218; x_wconf 61' lang='lat' dir='ltr'>praemoreretur„</span> <span class='ocrx_word' id='word_1_268' title='bbox 1065 3149 1190 3204; x_wconf 69' lang='lat' dir='ltr'>adotde</span> 
     </span>
     <span class='ocr_line' id='line_1_36' title="bbox 180 3216 773 3298; baseline -0.012 -25"><span class='ocrx_word' id='word_1_269' title='bbox 180 3218 318 3274; x_wconf 70' lang='lat' dir='ltr'>Skutschii</span> <span class='ocrx_word' id='word_1_270' title='bbox 335 3218 473 3271; x_wconf 77' lang='lat' dir='ltr'>Plautina</span> <span class='ocrx_word' id='word_1_271' title='bbox 490 3216 662 3298; x_wconf 47' lang='lat' dir='ltr'>{VR‘QM</span> <span class='ocrx_word' id='word_1_272' title='bbox 678 3231 706 3295; x_wconf 63' lang='lat' dir='ltr'>p.</span> <span class='ocrx_word' id='word_1_273' title='bbox 722 3219 773 3268; x_wconf 77' lang='lat'>122</span> 
     </span>
    </p>
   </div>
   <div class='ocr_carea' id='block_1_11' title="bbox 180 3345 1299 3640">
    <p class='ocr_par' dir='ltr' id='par_1_12' title="bbox 180 3345 1299 3640">
     <span class='ocr_line' id='line_1_37' title="bbox 343 3345 731 3406; baseline 0.005 -2"><span class='ocrx_word' id='word_1_274' title='bbox 343 3399 345 3404; x_wconf 92' lang='lat'><em>.</em></span> <span class='ocrx_word' id='word_1_275' title='bbox 638 3345 731 3406; x_wconf 73' lang='lat' dir='ltr'>CXIV</span> 
     </span>
     <span class='ocr_line' id='line_1_38' title="bbox 180 3435 1183 3538; baseline 0.002 -23"><span class='ocrx_word' id='word_1_276' title='bbox 180 3501 188 3515; x_wconf 92' lang='lat'><strong>.</strong></span> <span class='ocrx_word' id='word_1_277' title='bbox 224 3502 230 3515; x_wconf 92' lang='lat'><strong>.</strong></span> <span class='ocrx_word' id='word_1_278' title='bbox 267 3435 394 3514; x_wconf 66' lang='lat' dir='ltr'>aarum</span> <span class='ocrx_word' id='word_1_279' title='bbox 416 3445 571 3535; x_wconf 53' lang='lat' dir='ltr'>assium</span> <span class='ocrx_word' id='word_1_280' title='bbox 592 3447 713 3514; x_wconf 68' lang='lat' dir='ltr'>oboriri</span> <span class='ocrx_word' id='word_1_281' title='bbox 736 3446 777 3510; x_wconf 66' lang='grc' dir='ltr'>εκ</span> <span class='ocrx_word' id='word_1_282' title='bbox 790 3447 942 3513; x_wconf 78' lang='lat' dir='ltr'>cumula</span> <span class='ocrx_word' id='word_1_283' title='bbox 964 3451 1119 3518; x_wconf 74' lang='lat' dir='ltr'>maximo!</span> <span class='ocrx_word' id='word_1_284' title='bbox 1179 3529 1183 3538; x_wconf 44' lang='grc'>,</span> 
     </span>
     <span class='ocr_line' id='line_1_39' title="bbox 250 3566 1299 3640; baseline 0.005 -18"><span class='ocrx_word' id='word_1_285' title='bbox 250 3570 348 3624; x_wconf 80' lang='lat' dir='ltr'>Festus</span> <span class='ocrx_word' id='word_1_286' title='bbox 361 3589 389 3640; x_wconf 96' lang='lat' dir='ltr'>p.</span> <span class='ocrx_word' id='word_1_287' title='bbox 404 3575 456 3623; x_wconf 84' lang='lat'>190</span> <span class='ocrx_word' id='word_1_288' title='bbox 467 3569 504 3623; x_wconf 87' lang='lat' dir='ltr'>M.</span> <span class='ocrx_word' id='word_1_289' title='bbox 532 3568 704 3622; x_wconf 87' lang='lat' dir='ltr'>‘oboritur</span> <span class='ocrx_word' id='word_1_290' title='bbox 716 3566 854 3623; x_wconf 75' lang='lat' dir='ltr'>nascitur:</span> <span class='ocrx_word' id='word_1_291' title='bbox 868 3585 934 3623; x_wconf 89' lang='lat' dir='ltr'>nam</span> <span class='ocrx_word' id='word_1_292' title='bbox 948 3571 1190 3639; x_wconf 83' lang='lat' dir='ltr'>praepositionem</span> <span class='ocrx_word' id='word_1_293' title='bbox 1298 3579 1299 3588; x_wconf 59' lang='lat'>¹</span> 
     </span>
    </p>
   </div>
   <div class='ocr_carea' id='block_1_12' title="bbox 0 0 1329 3982">
    <p class='ocr_par' dir='ltr' id='par_1_13' title="bbox 0 0 1329 3982">
     <span class='ocr_line' id='line_1_40' title="bbox 0 0 1329 3982; baseline 0 0"><span class='ocrx_word' id='word_1_294' title='bbox 0 0 1329 3982; x_wconf 95' lang='lat' dir='ltr'> </span> 
     </span>
    </p>
   </div>
  </div>
 </body>
</html>
