2644 3982
319 222 368 276 EX
386 219 553 277 INGERTIS
572 222 812 278 INOERTORVM
830 223 982 278 FABVLIS
1090 224 1154 290 291

618 391 687 449 LXI

68 459 72 466 ι
147 492 280 570 Quando
305 493 434 576 quidem
452 493 480 556 is
499 514 532 556 se
551 491 772 556 circumuestit
791 492 897 577 dictis,
916 493 1019 577 saepit
1036 493 1155 558 sedulo.

217 612 312 668 Cicero
331 614 366 668 de
384 616 455 668 orat.
474 615 514 666 Il]
532 618 645 683 39,158
665 611 881 682 (transfemntur
899 614 995 683 verba)
1016 615 1081 667 ‘aut
1099 631 1154 682 quo

146 683 319 754 significetur
338 685 429 755 magis
448 701 491 738 res
510 687 573 738 tota
591 683 651 737 siue
669 683 743 764 facti⁸
758 683 877 738 alieuius
897 684 956 738 siue
976 685 1100 753 consilii,
1123 687 1156 739 ut

143 756 206 825 ille,
230 755 279 823 qui
302 755 492 810 occultantem
515 755 656 836 consulto,
675 771 714 835 ne
735 755 765 835 id
784 755 860 836 quod
879 759 1008 824 ageretur
1026 755 1155 826 intellegi

143 830 258 951 possets,l
285 827 393 951 duolaus
426 826 572 924 translatis
603 826 696 879 uerbis
730 825 915 880 similitudine
942 827 1005 894 ipsa
1034 827 1154 882 indicat:

144 915 234 966 quan
264 915 344 966 oqui
375 914 423 952 em
459 915 482 952 e.
502 916 528 966 q.
549 915 569 952 s.

214 1005 239 1058 is
263 1021 292 1058 se
315 1012 348 1072 at
370 1006 521 1059 coniecerat
544 1005 686 1072 Paroreius,
713 1004 804 1058 Gadd.
825 1005 839 1058 b
858 1021 872 1058 c
894 1004 1008 1074 Loqora.
1032 1009 1154 1058 21332

143 1076 233 1146 isteqr
284 1074 387 1147 saepit]
402 1091 485 1144 saepe
499 1075 612 1130 Abriac.
628 1075 719 1130 Ertb
770 1074 878 1146 sedulo]
894 1091 923 1128 se
938 1074 1002 1128 dolo
1020 1075 1154 1146 Osoarras,

140 1149 269 1216 wocara
288 1149 369 1202 ctiam
387 1147 450 1200 Bac
467 1163 534 1200 mas.
554 1146 641 1200 Rhea.
657 1151 699 1214 35,
715 1151 766 1199 629

608 1297 692 1354 LXII

142 1398 218 1465 Non
240 1399 368 1463 nouisse
391 1397 488 1461 huius
510 1419 562 1461 me
585 1397 822 1480 uersutiloquas
845 1397 1007 1462 malitias?

214 1519 308 1574 Cicero
332 1519 367 1572 de
391 1521 461 1573 orat.
480 1519 519 1571 HI
534 1524 580 1587 38,
597 1525 647 1572 154
668 1519 824 1572 ‘nouantur
842 1521 938 1572 autem
955 1519 1056 1588 uerba,
1080 1535 1153 1586 quae

143 1591 178 1645 ab
198 1607 230 1644 eo
245 1590 294 1659 qui
309 1590 379 1644 dicit
392 1589 453 1659 ipso
468 1589 622 1660 gignuntur
637 1606 669 1642 ac
683 1589 762 1658 fiunt,
781 1589 827 1642 uel
842 1588 1043 1659 coniungendis
1058 1589 1153 1643 uerbis

141 1666 174 1716 ut
186 1663 267 1716 haec'
284 1661 365 1734 [Emi.
381 1663 427 1733 21]
447 1663 538 1714 ‘num
555 1662 636 1714 non'
653 1677 675 1714 e.
691 1678 717 1728 q.
733 1679 754 1714 s.
775 1659 889 1714 ‘uidetis
905 1661 979 1714 enim
993 1663 1022 1714 et
1035 1677 1153 1714 uersu-

141 1733 296 1801 tiloquas
316 1736 345 1787 et
363 1735 526 1802 expectorat
545 1749 579 1786 ex
598 1731 794 1786 coniunctione
813 1731 890 1786 faeta
907 1748 967 1785 esse
981 1731 1076 1800 uerba,
1096 1748 1153 1785 non

141 1806 229 1858 nata?
268 1804 346 1858 Idem
370 1807 439 1858 orat.
459 1809 573 1872 49,164
598 1803 698 1856 ‘immo
722 1819 788 1857 uero
811 1803 882 1856 ista’
908 1806 954 1872 (sc.
974 1802 1061 1857 verba
1080 1803 1153 1856 bene

142 1874 282 1942 sonantia)
308 1877 472 1942 ‘sequamur
495 1874 731 1943 asperitatemque
754 1873 894 1942 fugiamus
915 1873 1050 1944 [LXXVI]
1071 1872 1152 1926 item-

141 1947 206 2012 que’
227 1945 278 2015 (sio
295 1945 441 1998 Emestius
459 1945 616 2012 idemque
634 1945 725 2014 libril:
753 1944 1030 2012 ‘uersutiloquas
1053 1943 1152 1996 mali-

140 2015 228 2070 tias?
258 2016 428 2084 Non.189‚9
446 2015 733 2083 ‘uersutiloquam
763 2014 858 2070 Cicero
873 2015 907 2068 de
922 2017 1032 2068 oratore
1046 2013 1094 2068 lib.
1107 2034 1152 2070 111:

141 2087 277 2140 annum’
299 2103 321 2140 e.
341 2104 368 2154 q.
388 2105 409 2140 s.
449 2085 567 2139 ‘uidetis
596 2084 671 2139 enim
697 2089 725 2139 et
747 2085 959 2153 uersutiloquax
982 2087 1011 2138 et
1026 2129 1031 2140 .
1048 2129 1053 2140 .
1071 2129 1075 2140 .
1091 2101 1151 2140 esse

140 2159 246 2212 uerba?
286 2156 326 2211 cf.
345 2156 424 2210 Accii
442 2175 468 2212 v.
483 2163 543 2210 694.

211 2281 268 2317 non
295 2262 408 2316 nouisse
436 2263 554 2318 Bestias
580 2279 648 2314 num
675 2279 732 2315 non
759 2261 802 2314 uis
832 2262 969 2317 Ciceronis
993 2283 1014 2316 ω
1047 2279 1151 2316 annum

139 2334 221 2389 nouis
236 2335 325 2390 Noail
340 2355 361 2386 ω
381 2351 474 2387 annon
492 2349 574 2386 nosse
588 2351 608 2388 a·
627 2349 720 2387 annon
737 2331 781 2385 uis
798 2333 901 2388 Oaioas
915 2349 952 2386 an
965 2351 1022 2388 non
1035 2333 1151 2403 uenisti,

139 2424 189 2462 om.
208 2421 261 2476 me,
280 2407 345 2460 olim
362 2407 523 2475 scripseram
565 2425 567 2430 ¹

595 2501 696 2560 LXIII

141 2605 262 2672 Nostra
284 2603 413 2668 miseria
436 2607 472 2666 tu
496 2625 529 2667 es
551 2625 688 2688 magnus
721 2655 967 2668 .......
1151 2621 1203 2669 115

550 2709 569 2749 a:
721 2709 740 2750 ²3

635 2753 654 2794 ἑὲ

138 2815 282 2882 Eandem
310 2818 463 2881 uirtutem
492 2816 589 2880 istam
617 2816 725 2880 ueniet
752 2817 878 2900 tempus
906 2837 979 2880 cum
1006 2817 1149 2902 grauiter

776 2944 892 3008 gemes

549 3010 568 3052 a
635 3054 654 3096 ss
721 3009 740 3051 a

139 3116 173 3182 Si
196 3121 299 3201 ne‘que
322 3119 409 3204 leges
432 3139 536 3201 neque
558 3119 664 3182 moros
687 3121 808 3202 cogunt
840 3167 1084 3182 .......

209 3238 303 3293 Cicero
324 3239 360 3292 ad
378 3241 437 3292 Att.
456 3239 482 3292 Π
497 3243 543 3306 19,
558 3245 574 3291 3
599 3237 712 3307 ‘populi
734 3254 830 3292 sensus
848 3237 970 3292 maxime
988 3239 1100 3292 theatro
1119 3242 1148 3293 et

138 3309 306 3380 spectaculis
331 3313 494 3378 perspectus
522 3311 572 3365 est.
609 3326 676 3362 nam
702 3308 908 3378 gladiatoribus
936 3327 992 3379 qua
1018 3309 1147 3364 dominus

139 3399 195 3450 aqu
215 3380 347 3434 aduocati
365 3379 456 3434 sibilis
471 3378 612 3435 conscissi.
635 3379 728 3434 ludis
742 3380 1020 3450 'Apollinaribus'
1038 3384 1073 3450 (a.
1085 3384 1147 3450 695)

139 3451 316 3520 ‘Diphilus
339 3453 526 3520 tragoedus
550 3450 584 3504 in
602 3454 756 3505 nostrum
773 3452 968 3521 Pompeium
986 3450 1147 3520 petulan-

137 3526 189 3577 ter
216 3522 375 3576 inuectus
404 3526 467 3576 est:
495 3523 629 3576 nostra'
656 3539 678 3577 e.
699 3541 724 3592 q.
745 3540 765 3576 s.
805 3522 932 3576 ‘miliens
961 3525 1075 3577 coaetus
1104 3525 1148 3576 est

138 3593 237 3650 dicere.
266 3593 430 3647 Eandem’
451 3610 474 3647 e.
489 3611 515 3662 q.
531 3610 552 3648 s.
582 3591 685 3647 ‘totius
704 3593 809 3648 theatri
828 3595 949 3648 clamore
966 3592 1046 3662 dixit,
1065 3593 1146 3648 item-

933 3683 985 3737 19*
