2644 3982
174 194 239 260 262
589 197 620 254 L.
638 197 765 253 ACCIVS

614 365 740 424 XXXVI

173 445 314 511 Hectora

98 615 100 623 ,
244 567 333 649 Varro
353 568 388 623 de
407 569 425 623 l.
444 554 462 624 12
481 571 507 624 X
522 576 555 625 70
569 571 606 624 M.
637 569 748 624 ‘Accius
766 570 836 624 haec
854 570 884 623 in
902 569 1056 641 tragoediis
1075 571 1182 640 largius

163 655 191 692 ¹a
219 656 313 708 prisca
329 641 542 722 consuetudine
569 657 681 696 mouere
707 641 800 722 coepii
823 643 852 696 et
867 642 911 723 'ed
933 642 1038 724 forinas
1061 641 1182 698 Graecas

162 710 833 852 .ssffi⁰r0rsu¹rsfflf³⁰sz⁰azCCIII
848 715 900 768 ω’
920 713 1042 767 A⁰⁰¹⁰⁸
1057 713 1183 767 aa-

604 950 746 1008 XXXVII

172 1036 296 1104 armen

243 1154 331 1208 Varro
356 1155 391 1210 dc
410 1155 429 1210 l.
448 1155 466 1209 l.
486 1155 557 1210 V21
573 1156 610 1209 M.
650 1157 760 1209 ‘terra
788 1153 864 1209 dieta
892 1155 927 1210 ab
957 1172 1002 1225 eo,
1031 1159 1064 1211 ut
1086 1157 1182 1212 Aelius

173 1224 284 1295 scribit,
308 1226 383 1293 quod
402 1225 503 1280 teritur
573 1226 639 1280 hinc
656 1226 725 1280 fines
745 1243 875 1295 agrorum
892 1226 1018 1295 termini,
1037 1229 1114 1296 quod
1132 1245 1183 1284 eae

171 1295 261 1377 partis
278 1300 395 1378 propter
414 1297 537 1352 limiIare
555 1297 609 1351 iter
622 1296 742 1352 maxime
756 1299 896 1378 teumtur3
915 1297 1012 1366 Itaque
1025 1299 1080 1353 hoc
1093 1317 1157 1354 cum
1170 1302 1183 1354 Ι

172 1385 203 1420 m
221 1367 303 1422 Lauo
327 1367 438 1436 ahquot
460 1368 530 1423 loeis
549 1368 665 1437 dicitur,
686 1371 719 1422 ui
737 1368 812 1449 apud
830 1369 946 1423 Acelum
963 1381 1020 1423 non
1038 1370 1182 1439 terminus,

174 1438 224 1498 sed
237 1440 386 1494 termen’
411 1439 581 1494 Emendavic
591 1440 621 1494 L.
637 1439 815 1509 Spengehus:
835 1440 975 1494 heccum
992 1439 1021 1494 is
1035 1440 1069 1494 in
1083 1441 1182 1497 Latio

172 1508 245 1562 Flor.
265 1508 340 1562 idem
357 1511 502 1565 terimen
520 1510 647 1565 conisus.

599 1642 756 1701 XXXVIII
851 1656 853 1659 '

173 1725 377 1790 inimicitiam

242 1846 385 1901 Charisius
403 1865 430 1916 p.
448 1852 479 1900 75
494 1847 523 1901 P.
559 1845 740 1901 ‘inimicitiae
764 1850 794 1902 ct
815 1847 936 1902 insidiae
958 1848 1108 1918 pluraliter
1126 1849 1184 1904 dici

172 1917 284 1986 debent,
299 1919 348 1972 sed
359 1917 510 1972 Sallustius
525 1917 559 1972 de
573 1917 683 1972 insidiis
697 1917 789 1988 prima
803 1918 903 1988 inquit,
914 1922 943 1974 ei
952 1919 1052 1974 Accius
1067 1919 1185 1994 inimi-

172 1988 293 2042 citiam
311 1989 400 2044 dicit!
747 2039 749 2043 .

612 2069 737 2127 XXXIX

59 2217 62 2221 ,
171 2151 263 2215 aluus
286 2149 485 2238 (masculine)

241 2272 383 2329 Charisius
407 2291 433 2342 p.
454 2278 487 2326 61
506 2273 537 2327 Ρ.
581 2272 710 2326 ‘aluum
739 2273 880 2343 Vergilius
912 2273 1055 2330 femiuino.
1079 2293 1181 2345 genere

110 2354 112 2362 ’
171 2361 255 2414 saepe
279 2344 363 2414 dinis,
388 2345 438 2397 sed
460 2343 650 2398 masculine
674 2343 777 2400 Caluus
850 2347 879 2398 et
896 2344 1014 2400 Heluius
1034 2346 1179 2402 Cinna...

171 2418 200 2470 ct
213 2414 348 2469 Laberius
368 2417 398 2470 et
411 2414 512 2468 Accius
530 2415 697 2484 frequenter,
717 2416 793 2482 quod
810 2415 900 2486 magis
920 2434 986 2470 usus
1005 2417 1178 2473 celebrauit)

171 2486 210 2542 Cf.
231 2486 320 2558 Caper
338 2485 414 2541 CCL.
430 2485 481 2540 VII
498 2504 524 2555 p.
541 2492 657 2556 107,12.
1072 2518 1074 2524 ·

644 2619 711 2676 XLI

77 2719 80 2729 ·
165 2699 254 2790 (hic)
276 2701 364 2767 Iouis

107 2805 109 2807 ’
242 2814 382 2896 Exceipta
408 2831 442 2868 ex
464 2831 545 2868 anon.
569 2829 685 2883 gramm.
709 2815 739 2866 in
760 2813 793 2868 A.
812 2813 872 2869 Mai
896 2818 969 2870 auct.
994 2815 1075 2870 class.
1090 2815 1117 2870 V
1130 2823 1180 2872 151

174 2884 308 2954 ‘legimus
326 2903 357 2938 ιιι
376 2884 465 2954 Capro
484 2884 530 2938 hic
548 2883 648 2938 Iouis.
678 2883 764 2938 etiam
781 2884 906 2940 Naeuius
924 2885 1019 2940 Accius
1033 2886 1181 2958 Pacuuius,

172 2972 268 3010 omnes
286 2955 334 3010 isti
353 2958 471 3009 uranus
489 2955 542 3009 hoc
561 2955 707 3024 exemplo?

636 3087 719 3146 XLII

171 3177 274 3237 status

242 3284 314 3338 Non.
325 3289 385 3351 226,
398 3288 433 3337 24
446 3283 598 3336 ‘statura
612 3282 721 3353 generis
735 3282 871 3338 feminini.
890 3284 1014 3340 Lucilius
1024 3285 1073 3342 lib.
1083 3307 1181 3344 xxvm:

172 3371 259 3424 quare
277 3370 327 3424 pro
344 3353 426 3423 facie,
445 3370 496 3422 pro
511 3355 619 3407 statura
633 3353 727 3408 Aeciu'
743 3357 875 3410 status)
896 3355 936 3410 Cf.
952 3357 1046 3412 corcll.
1062 3358 1181 3427 LXIIsq.

173 3425 381 3550 comMcuffl.
405 3499 434 3550 et
462 3495 578 3550 dubium
606 3496 763 3565 exemplum
791 3496 867 3566 apud
893 3496 1007 3553 Festum
1033 3517 1060 3572 p.
1081 3505 1132 3560 369
1156 3519 1181 3556 v.

175 3566 345 3622 tammodo
361 3568 447 3635 extat,
467 3567 501 3619 de
516 3582 571 3633 quo
585 3567 619 3621 cf.
635 3565 729 3620 coroll.
745 3583 814 3622 com.
829 3567 952 3636 CXXIX3
972 3568 1091 3625 cicerum
1107 3573 1184 3640 quod
