2662 3978
524 201 561 254 M.
580 199 759 256 PACVVIVS
1082 203 1145 266 145

132 359 253 414 Pacuvii
281 375 392 413 versum
419 359 468 427 qui
494 358 640 412 restituere
663 360 812 414 voluerunt
835 360 914 414 varia
936 364 1145 432 temptaverunt

130 431 216 484 velut
234 429 420 500 naufragio
447 446 577 499 nempe:
606 446 685 499 ergo
713 431 749 483 id
771 431 899 486 factum
924 432 1026 500 forte,
1054 433 1145 486 haud
1253 455 1255 462 ,

131 502 275 556 fortuna
294 501 426 570 obtigit
444 500 605 556 Salmasius.
640 501 749 571 ipsein
768 503 862 558 coroll.
881 503 981 558 XLVII
997 503 1143 573 proposui:

129 591 158 627 n.
178 591 219 628 n:
239 589 329 652 ⁸ergo
357 571 391 625 id
418 572 547 644 factupr
573 572 657 653 haunt
679 572 769 627 forte
792 573 931 628 fortuna
955 591 992 656 ⁰2¹
1015 573 1144 656 ‘Marxius

128 651 305 769 'sistit‘
319 643 761 784 sauciasset
776 645 895 770 sits.
911 648 1058 715 FF?
1084 647 1145 700 ¹1⁰⁰

206 827 294 875 1-10
313 821 496 876 Pertractaoit
513 823 585 876 bicac
603 823 691 876 locam
709 824 741 875 ia
757 822 894 892 Pbiioiopi
913 824 974 878 VII
984 841 1013 892 p.
1029 829 1080 877 383
1089 841 1119 894 sq
1138 866 1144 877 .

134 893 327 948 Ptectciscaas
377 897 392 944 2
412 907 535 960 saxoque
552 891 658 946 instare
672 891 702 945 in
715 892 833 962 globoso
846 893 1012 962 praedicant
1025 843 1145 948 uolubiii

132 964 287 1019 Salmasius
302 979 425 1030 saxoque
439 961 545 1019 instare
558 962 589 1015 in
602 963 700 1032 globos
716 963 843 1034 (globoso
859 965 924 1020 Por.
936 969 966 1018 H
977 983 1010 1019 m.
1022 969 1048 1034 2)
1062 981 1144 1034 posse

132 1034 233 1090 dicant
255 1033 375 1088 uolubili
399 1034 465 1088 Par.
486 1042 610 1104 aterque,
633 1035 745 1104 Herbip.
768 1036 851 1090 Bora.
878 1052 1017 1103 saxeoque
1039 1036 1144 1090 instare

133 1105 222 1175 globo
240 1104 407 1174 praedicant
425 1104 546 1158 uolubili
564 1106 662 1160 Romo.
682 1106 760 1161 Leid.
780 1107 903 1161 Darrast.
923 1105 1038 1175 saxique
1056 1106 1146 1160 instar

133 1175 248 1246 globosi
271 1193 332 1230 esse
356 1175 454 1229 dicunt
476 1175 631 1230 uolubilem
655 1177 731 1231 Corb.
756 1173 871 1244 saxique
894 1193 955 1230 esse
977 1177 1067 1230 instar
1084 1177 1145 1246 glo-

133 1247 198 1300 bosi
221 1266 248 1316 p.
273 1245 428 1300 uolubilem
447 1249 576 1316 probavit
598 1249 776 1302 Hcssaarmus
848 1255 864 1301 3
887 1247 917 1301 id
940 1266 995 1316 quo
1019 1249 1085 1305 Par.
1108 1253 1144 1316 Π,

129 1321 209 1388 prob.
231 1319 383 1374 Salmasius
402 1317 432 1370 id
451 1317 527 1386 quod
546 1319 660 1388 Herbip.
681 1320 746 1373 Par.
767 1319 795 1372 P
809 1337 843 1373 ra.
860 1325 873 1375 1
894 1321 978 1374 Besa.
997 1336 1052 1387 quo
1068 1321 1144 1374 Corb.

131 1408 167 1444 m.
189 1395 203 1442 1
224 1388 292 1457 quia
310 1406 365 1457 quo
386 1389 463 1443 Oorb.
481 1394 547 1443 rai
567 1389 688 1444 Dcrrast.
708 1389 772 1443 ideo
791 1389 859 1457 quia
877 1407 932 1458 quo
951 1391 1048 1446 Romo.
1065 1391 1144 1446 Lcid.

132 1462 203 1516 Par.
224 1462 252 1514 P
272 1479 306 1514 m.
327 1466 343 1512 2
366 1459 433 1527 quia
456 1476 512 1527 quo
536 1459 566 1512 id
589 1462 653 1514 oiim
671 1464 754 1528 posci
776 1469 807 1514 at
830 1463 861 1515 ia
883 1479 906 1515 o.
930 1463 1092 1530 interpolato
1147 1505 1149 1509 .

134 1531 253 1584 fortuna
271 1532 386 1600 Herbip.
406 1531 491 1586 Beris.
554 1537 578 1585 4.
599 1537 614 1584 b
634 1534 739 1586 inverso
753 1533 852 1589 ‚ordine
871 1534 997 1603 ispanias
1050 1539 1067 1586 4
1086 1549 1146 1586 esse

133 1603 328 1670 Hermastus,
347 1620 398 1658 om.
418 1603 495 1670 iibri,
519 1619 584 1724 paos
603 1605 651 1672 qai
668 1610 797 1658 scowatwr
814 1605 938 1658 oocabaii
957 1606 1037 1657 atrox
1051 1611 1145 1672 proso-

133 1675 212 1728 diam
230 1676 362 1745 ignoscat
415 1672 521 1726 instabi
533 1672 557 1726 is
577 1672 630 1726 siet
653 1675 831 1728 Hermonassa
902 1679 917 1728 ὁ
940 1676 1011 1746 rem]
1030 1691 1144 1728 causam

133 1745 259 1799 Damnst.
314 1760 375 1797 esse
388 1761 438 1798 ora.
453 1745 551 1798 Barab.
606 1751 620 1798 7
634 1744 748 1798 fortuna
762 1745 860 1800 Romo.
874 1746 952 1800 Leid.
972 1745 1144 1815 fortunamp

186 1818 292 1884 negant
310 1816 408 1870 Bamb.
428 1815 506 1869 Laid.
526 1817 649 1871 Damnst.
717 1822 733 1870 8
755 1816 890 1885 Corrupto
908 1819 939 1870 ia
959 1819 1043 1884 tibris,
1063 1819 1145 1872 iater-

130 1889 237 1956 poiata‚
255 1888 384 1941 mutilata
402 1893 475 1940 certa
492 1888 545 1954 pide
563 1889 672 1941 restitui
690 1903 746 1941 aaa
761 1895 884 1956 pessumi.
931 1887 1019 1940 ullam
1036 1887 1144 1941 miseri-

132 1959 223 2011 tatem
241 1973 301 2011 esse
316 1959 464 2010 autumant
478 1957 725 2028 (autumanitatem
739 1957 852 2026 Herbip.
867 1957 1055 2012 temeritatem
1069 1959 1144 2027 Eas.)

137 2031 204 2084 Par.
224 2036 308 2097 uterq.
328 2029 413 2082 Bora.
432 2029 547 2096 Hcsbip.
570 2028 659 2082 ullam
680 2027 865 2082 miseritatem
888 2045 948 2082 esse
966 2028 1015 2082 sed
1033 2029 1145 2082 temeri-

133 2102 194 2153 tate
214 2098 308 2153 omnia
325 2097 385 2168 regi
404 2101 569 2153 autumaent
584 2100 659 2154 Uort.
675 2099 735 2169 (sed
753 2099 912 2153 temeritate
932 2099 1026 2162 omnia
1044 2099 1144 2169 regi—

133 2171 194 2240 regi
213 2169 309 2224 omnia
322 2171 405 2225 Bora.
420 2201 456 2210 -
470 2171 536 2226 Par.
552 2171 580 2224 P
592 2171 687 2239 Besa.)
706 2169 794 2223 ullam
812 2187 872 2224 esse
890 2169 1032 2224 miseriam
1050 2170 1144 2239 (mise-

132 2240 205 2295 riam
236 2239 324 2294 ullam
350 2257 411 2294 esse
428 2241 570 2310 ‘Dcrmstb
599 2241 648 2295 sed
674 2241 833 2295 temeritate
861 2241 955 2294 omnia
984 2240 1045 2310 regi
1073 2241 1143 2310 (geri

133 2313 223 2381 Lao.)
247 2314 395 2365 autumant
417 2312 514 2366 Bamb.
534 2313 613 2366 Leid.
632 2313 754 2367 Darmst.
827 2311 980 2365 Fortunam
1002 2329 1029 2366 n.
1055 2311 1143 2365 ullam

134 2383 266 2438 miseram
292 2383 322 2436 in
348 2383 432 2436 rebus
459 2399 531 2451 esse,
559 2382 759 2436 Temeritatem
786 2398 846 2436 esse
874 2385 1024 2436 autumant
1052 2383 1141 2438 Mora

134 2453 277 2508 miseriam
300 2470 360 2508 esse
382 2454 471 2507 ullam
490 2454 603 2508 Grotius
680 2455 791 2508 Versum
810 2460 825 2507 9
843 2455 963 2508 restituit
981 2453 1142 2509 Salmasius.

134 2527 173 2579 Ia
192 2521 287 2580 'eodem
309 2528 423 2596 ipocras
446 2532 471 2580 ct
492 2527 549 2593 ipse
567 2526 655 2580 incidi
673 2532 709 2592 et,
734 2527 811 2594 pacm
827 2542 884 2578 stoa
902 2527 988 2594 mapis
1007 2542 1143 2592 noveram,

30 2627 32 2630 ·
135 2596 303 2667 Spcapciias.
340 2595 400 2650 ueri
422 2613 472 2650 om.
492 2597 606 2665 Herbip.
679 2612 740 2649 esse
758 2595 872 2663 Herbip.
892 2602 957 2649 m.1
981 2612 1041 2649 esse
1063 2595 1144 2649 aiunt

136 2668 203 2723 Par.
223 2668 252 2721 P
267 2686 300 2720 m.
321 2673 335 2720 1
355 2670 386 2721 H
405 2668 489 2722 Bora.
514 2667 627 2735 Herbip.
646 2673 716 2722 Μ
744 2683 804 2720 esse
829 2665 908 2719 aiunt
931 2667 1006 2734 quod
1030 2668 1097 2722 Par.
1117 2668 1146 2720 P

134 2745 205 2792 rat
230 2737 306 2792 Oorb.
330 2739 427 2793 Bamb.
451 2739 530 2793 Leid.
553 2739 675 2793 Darmst.
747 2753 846 2806 reapse
869 2738 1005 2792 Victorias
1032 2754 1062 2791 re
1088 2740 1142 2806 (res

136 2810 203 2864 Par.
223 2810 252 2863 P
266 2816 332 2863 rat
353 2809 440 2879 Oorb.)
463 2809 499 2862 ab
522 2825 551 2862 se
569 2830 590 2862 ω
664 2815 697 2862 10
720 2808 825 2862 factust
848 2809 1027 2866 Heriacaaas
1052 2808 1144 2862 factus

135 2881 215 2935 Laid.
234 2898 268 2934 m.
285 2886 298 2933 1
318 2879 410 2934 factus
429 2883 511 2950 esto>
577 2880 661 2934 modo
680 2897 729 2934 om.
750 2880 847 2934 Bamb.
866 2881 945 2934 Laid.
965 2880 1089 2935 Darmst.
1188 2909 1191 2916 ·

136 2952 203 3006 Post
222 2957 255 3004 10
277 2951 425 3020 naufragio
447 2967 547 3020 nempe
571 2967 636 3022 ergo
659 2951 690 3004 id
712 2951 820 3005 factum
842 2949 925 3004 Forte
949 2953 999 3004 aut
1021 2951 1145 3005 Fortuna

136 3021 259 3092 optigit?
277 3024 353 3092 sequi
370 3025 429 3078 cuit
446 3022 536 3077 Mora
660 3059 661 3062 =

614 3137 669 3195 XV
694 3163 698 3176 .

135 3225 143 3302 '.
163 3236 340 3322 mendicus,
363 3237 602 3302 mintio'ulator:
624 3238 671 3302 ita
693 3238 752 3302 fati
776 3237 935 3320 oppressit
957 3237 1079 3324 iugum.

208 3352 384 3426 XV-XVIII
402 3358 500 3412 Festus
518 3378 545 3429 p.
562 3364 611 3412 133
627 3358 663 3413 M.
692 3358 973 3412 ‘manticularum
991 3376 1058 3413 usus
1076 3376 1147 3428 pau-

136 3428 251 3498 peribus
282 3429 313 3482 in
341 3429 465 3483 nummis
489 3429 672 3484 recondendis
701 3429 787 3484 etiam
818 3432 913 3484 nostro
942 3431 1054 3484 saeculo
1082 3429 1144 3484 fuit.

77 3496 80 3505 '
136 3500 218 3554 Vnde
245 3500 425 3554 manticulari
453 3500 618 3555 dicebantur
645 3501 694 3569 qui
720 3500 834 3554 furandi
861 3500 954 3570 gratia
977 3500 1145 3554 manticulas

138 3572 338 3626 attrectabant.
364 3571 432 3625 Inde
449 3575 549 3642 poetae
568 3589 618 3642 pro
639 3572 734 3626 dolose
753 3571 821 3640 quid
841 3571 950 3640 agendo
968 3572 1012 3624 usi
1031 3574 1096 3625 sunt
1112 3588 1146 3626 eo

193 3671 270 3712 Scaea.
285 3682 346 3720 poss.
361 3671 425 3712 Rom.
440 3672 521 3722 fragm.
536 3673 570 3714 od
585 3673 701 3714 annrox.
954 3666 987 3714 10
