2648 3978
177 173 221 240 30
591 174 621 240 Q.
641 173 777 230 ENNIVS

177 334 236 390 eius
252 378 257 390 .
274 378 280 389 .
297 335 314 389 .'
352 335 441 389 Varro
468 335 503 389 de
531 332 549 389 l.
573 334 591 389 l.
610 334 636 390 X
656 339 689 389 70
706 334 744 388 M.
783 334 855 391 ‘non
881 334 965 389 modo
992 337 1106 404 poetae,
1134 335 1183 390 sod

176 405 263 463 etiam
294 404 441 474 plerique.
459 451 464 460 .
480 450 486 461 .
502 405 636 463 dicabunt
666 408 699 460 ut
729 407 908 473 quaestorem
938 408 1112 475 praetorem,
1143 406 1183 462 siu

175 476 325 534 Hectorem
337 476 492 532 Nestorem.
520 477 619 545 Idaque
632 474 740 532 Ennius
753 475 797 532 ait
810 477 871 557 [3].’
901 477 934 532 V.
950 485 965 534 2
981 476 1184 536 obversabaom

176 546 302 617 Vergilio
315 547 384 603 Aen.
394 548 477 603 loeo.
505 547 661 617 Vtrumque
674 547 768 606 looum
781 550 962 604 connunotum
970 548 1182 606 Andromachae

175 617 277 676 exibuit
295 617 427 689 Scaliger.

247 731 261 778 1
281 741 326 779 me
343 737 380 796 p:
399 726 434 793 of.
454 727 543 782 coroll.
562 726 627 780 XXI
645 743 707 779 sum
730 726 811 784 Viad.
831 744 850 780 ο
867 725 976 796 Παισο,
995 726 1130 782 Davisius

175 801 191 849 3
215 796 250 850 de
276 795 398 864 Troiano
425 814 505 851 muro
528 819 562 853 a:
590 800 720 870 plossema
747 799 824 853 eiecit
847 796 969 868 Souliper
1052 797 1184 854 iactauier

175 867 298 940 Souliqer
315 866 416 922 iactari
435 889 456 922 ω
1109 874 1113 882 ’

642 983 716 1041 xm

262 1093 377 1162 Festum
401 1117 431 1179 p.
455 1093 520 1159 298
538 1092 582 1158 M.
614 1092 832 1177 ‘[summ]ussi
865 1092 1052 1158 dicebantur
1083 1091 1183 1176 [mur-

306 1199 500 1284 muratores]
524 1197 723 1264 ..Naeuius
747 1237 788 1246 -
811 1198 937 1263 Ennius
963 1199 997 1262 in
1025 1202 1115 1262 sexto
1138 1235 1183 1247 -

306 1306 461 1392 [Enniu]s
493 1306 532 1370 in
562 1304 842 1370 Andromacha:
878 1305 914 1369 di
1057 1327 1079 1368 u
1111 1309 1182 1370 est:

305 1434 390 1480 nam
413 1433 580 1478 mussare
603 1412 636 1476 si
656 1463 770 1477 .....
772 1412 782 1440 ’

242 1533 285 1586 Ex
302 1534 356 1588 hac
374 1532 472 1588 fabula
489 1533 584 1586 neseio
603 1550 640 1587 an
660 1532 697 1588 sit
715 1533 768 1588 ino.
787 1549 861 1588 nom.
881 1532 953 1587 XHI.

546 1771 802 1835 ANDROMEDA

118 1993 151 2042 eo
216 1979 493 2064 ....quaeodua
514 1979 594 2046 oueli
667 1897 682 1954 I

216 2085 493 2174 Signidenentibus
516 2085 648 2151 conficis
672 2085 757 2172 bigis

240 2207 329 2263 Varro
352 2207 428 2262 del.
452 2207 469 2262 l.
489 2207 515 2261 V
530 2212 563 2260 19
577 2206 614 2261 Μ.
653 2207 686 2260 ‘a
705 2206 781 2260 Chao
805 2224 906 2262 cauum
929 2211 959 2262 et
982 2207 1047 2262 hino
1069 2207 1179 2263 eaelum

171 2278 338 2347 ....itaque
353 2278 423 2334 dicit
436 2278 614 2332 Andromeda
627 2276 716 2332 nocti:
736 2280 819 2346 quae’
835 2294 858 2334 e.
895 2297 936 2334 ,s
1017 2281 1057 2334 ‘et
1069 2279 1178 2336 Ennius

169 2349 238 2402 item
257 2349 557 2404 adamationem..)
582 2347 807 2418 (Andromeda
826 2349 861 2404 So
892 2349 899 2360 '
921 2366 950 2404 er
969 2350 1179 2406 endromade

169 2419 231 2474 Par.
257 2421 284 2474 b.
304 2421 466 2475 androma
488 2420 560 2474 Flor.
583 2419 625 2472 Ex
647 2418 790 2489 Euripidis
812 2421 992 2475 Andsomeda
1013 2421 1046 2476 fr.
1071 2428 1123 2476 114
1141 2421 1176 2476 N.

170 2513 191 2544 m
210 2492 260 2556 ναξ
279 2509 354 2560 ιερα,
374 2494 385 2562 ΙΙ
407 2493 443 2554 ὡς
465 2490 574 2562 μακρὸν
597 2489 722 2562 ἵππευμα
741 2492 851 2556 διώκεις
873 2495 882 2562 Η
904 2490 1083 2562 ἀστεροειδέα
1102 2501 1178 2548 νῶτα

170 2559 333 2630 doppsdooo'
349 2564 359 2631 ΙΙ
373 2559 490 2631 αἰθέρος
503 2562 565 2631 lpus·
578 2563 588 2632 fl
600 2571 650 2616 τοῦ
664 2561 834 2634 σεμνοτάτου
848 2561 887 2617 δι’
900 2560 1044 2633 Ὀλύμαοο,
1065 2562 1177 2618 Caelius

168 2630 336 2686 Aurelianus
358 2632 406 2688 14
436 2632 576 2704 ‘tragicus
602 2636 688 2702 poeta
715 2649 846 2688 sauram
872 2637 1020 2704 noctem,
1051 2635 1105 2690 hoe
1132 2638 1178 2692 ost

168 2719 301 2773 magnam
325 2703 495 2772 appellauit’
519 2720 592 2772 quae
616 2704 652 2758 ad
670 2703 792 2760 Ennium
813 2703 908 2774 potius
931 2722 1017 2774 quam
1041 2705 1078 2759 ad
1095 2705 1176 2761 Euri-

168 2773 262 2843 pidem
275 2772 422 2828 referenda
434 2773 566 2828 videnum
579 2774 750 2830 Buechelero
763 2775 821 2831 ind.
836 2775 913 2830 lenit.
928 2775 1017 2832 Boon.
1033 2783 1102 2831 18⁷7
1111 2795 1138 2846 p.
1149 2784 1175 2832 4.

239 2886 254 2933 1
278 2896 351 2948 quae
377 2881 499 2953 Soada'peu
526 2897 580 2951 que
605 2903 626 2938 ω
708 2888 724 2938 2
754 2881 989 2952 signitenenu'bus
1017 2885 1178 2953 auplouooa't

169 2952 313 3022 Huapta'ae
331 2952 425 3009 Ηοιοι.
446 2959 469 3023 1,
486 2959 519 3007 25

652 3068 683 3126 H

166 3174 320 3240 Indorum
344 3176 563 3263 quaesundum
586 3197 680 3240 eausa
702 3176 843 3243 fdmiliae
866 3181 1002 3244 maire'm
1025 3184 1099 3245 tuae

237 3297 335 3351 Festus
362 3315 388 3366 p.
409 3303 461 3352 258
479 3297 516 3351 M.
557 3297 736 3364 ‘quaesere
763 3299 877 3369 ponitur
905 3299 941 3354 ab
970 3299 1094 3369 antiquis
1122 3317 1173 3369 pro

166 3384 311 3438 quaerere,
338 3371 370 3423 ut
388 3372 432 3422 est
454 3367 529 3438 apud
547 3367 669 3424 Ennium
685 3401 722 3412 -
740 3402 773 3414 -
793 3373 822 3426 et
844 3370 874 3426 in
891 3371 1089 3430 Andromedoa
1109 3416 1114 3426 .
1131 3416 1136 3427 .
1153 3373 1171 3427 .'

166 3439 200 3494 of.
219 3438 313 3510 Eurip.
332 3439 464 3494 Andnom.
483 3437 515 3493 fr.
537 3444 587 3493 132
602 3439 650 3494 N’.

236 3546 427 3614 quaesendum
444 3547 524 3617 palpo
542 3546 698 3614 quaesdum
716 3550 772 3606 eod.
