2648 3978
200 213 241 282 16
580 209 635 264 ΟΝ.
653 205 813 262 NAEVIVS

677 411 722 469 IV

198 515 376 582 Diabathra
403 515 438 579 in
459 510 595 599 pedssius
618 511 771 595 habebat,
798 512 866 574 erat
889 509 1024 574 amictus
1048 508 1201 592 epicroco.

269 637 357 690 Varro
376 636 411 690 de
429 635 447 689 l.
466 634 484 689 l.
503 634 555 687 VH
570 639 603 688 53
624 633 710 703 ‘apud
723 631 874 687 Naeuium:
893 628 943 684 risi
962 629 1083 700 egomet’
1100 645 1123 682 e.
1138 647 1164 697 q.
1180 646 1200 682 s.

199 739 233 748 -—
254 706 356 762 ‘idem:
376 705 536 761 diabathra’
558 721 580 758 e.
595 722 622 773 q.
638 721 658 758 s.
680 705 838 772 ‘utrumque
857 701 1026 756 uocabulum
1044 699 1200 755 Graecum?
1303 739 1304 770 ἱ

200 777 390 859 (θιιιιίιιιῃ)
427 776 461 833 cf.
480 775 562 830 Pauli
582 776 681 830 Festus
699 792 725 830 v.
748 773 898 829 diabathra
916 791 943 842 p.
963 778 997 826 '14
1032 771 1073 826 De
1091 770 1201 826 Baccho
1303 771 1304 786 ³

198 847 329 902 videntur
347 867 377 902 ιιι
395 849 522 918 Lucurgo
541 847 618 900 dicta
637 862 705 902 esse.

269 953 387 1025 pedibus
401 955 598 1010 Rholaadcllas
615 951 770 1022 pecudibus
785 973 805 1006 ω
842 949 1035 1020 etpedibus?
1053 949 1086 1017 cf.
1103 949 1203 1004 Plauti

199 1026 281 1082 Most.
306 1032 357 1081 402
388 1027 471 1082 Titia.
496 1030 543 1081 45:
575 1031 671 1080 contra
701 1024 782 1080 scatit
814 1023 941 1092 Liadsag
972 1022 1042 1076 latia
1069 1022 1203 1092 luagaage

194 1115 224 1166 p.
239 1102 292 1151 404
347 1096 464 1167 gerebat
481 1098 538 1166 fait
556 1097 604 1166 qai
618 1101 780 1166 proponeret
833 1095 862 1148 et
880 1095 941 1147 erat
959 1113 975 1163 χ

687 1278 714 1335 V

146 1403 179 1450 55
410 1383 444 1447 in
467 1386 592 1446 montes
615 1381 826 1468 <c6nfrag0s>

268 1501 390 1556 Isidorus
411 1501 485 1572 Orig.
500 1501 564 1556 XIV
579 1507 603 1570 8,
619 1507 652 1556 27
673 1501 867 1572 ‘confrages
887 1501 962 1569 loca,
982 1499 1012 1552 in
1030 1515 1102 1568 quae
1120 1499 1202 1552 undi-

198 1590 252 1642 que
279 1572 359 1628 uenti
386 1574 553 1628 concurrunt
576 1589 609 1626 ac
633 1589 692 1626 sese
715 1572 861 1643 frangunt,
887 1573 919 1625 ut
941 1569 1066 1625 Naeuius
1090 1569 1143 1626 ait:
1172 1569 1202 1624 in

197 1648 318 1713 montes,
351 1644 400 1698 ubi
432 1643 510 1698 uenti
536 1643 706 1713 frangebant
731 1643 844 1698 locum!
887 1642 956 1696 item
983 1641 1068 1695 schol.
1096 1641 1202 1696 Lucani

197 1716 236 1769 VI
255 1721 305 1769 126
327 1714 517 1784 ‘confraga’

268 1821 298 1874 in
320 1839 356 1875 m.
382 1821 432 1873 ubi
455 1837 484 1875 se
502 1820 581 1874 uenti
599 1805 769 1889 frangebant
787 1819 842 1874 loci
860 1820 1029 1890 Berykiaso
1082 1836 1103 1873 c.
1122 1818 1202 1872 1348

198 1893 228 1944 in
245 1892 367 1961 montes,
390 1895 482 1966 <caua
500 1890 649 1963 conualle>
671 1890 721 1945 ubi
743 1891 822 1944 uenti
845 1889 1013 1960 frangebant
1042 1905 1123 1944 ocum
1140 1890 1203 1944 Bac

200 2161 436 2226 circumuenire
459 2158 553 2225 uideo
576 2159 676 2223 ferme
699 2158 816 2222 iniuria

267 2282 357 2338 Varro
376 2282 410 2335 de
429 2281 447 2336 l.
462 2281 480 2335 l.
493 2281 545 2335 VH
560 2286 592 2335 92
607 2281 643 2334 M.
665 2280 752 2350 ‘apud
766 2279 937 2334 Naeuium..
951 2278 1070 2334 ‚ferme
1089 2279 1202 2350 dicitur,

198 2354 273 2422 quod
291 2370 364 2408 nunc
382 2353 460 2408 fere!
1303 2349 1304 2352 ’

269 2459 373 2515 ciccum
391 2470 414 2528 ψ
450 2458 499 2512 Aa
516 2457 710 2512 circumueniri
729 2456 843 2512 uideor?

944 2585 950 2594 ,

741 2617 743 2622 v
956 2627 995 2634 Ἰ
1116 2614 1119 2626 t

668 2643 727 2700 vn
1160 2673 1162 2680 ,

849 2683 1132 2704 ..,’,1’

678 2765 680 2774 ι
1085 2757 1089 2770 θ

199 2725 309 2793 Struix
331 2726 490 2791 malcrum

269 2846 379 2902 Servius
407 2846 478 2902 Dan.
505 2845 536 2900 in
562 2847 630 2901 Aen.
655 2845 694 2900 IV
717 2853 767 2900 267
802 2845 931 2900 ‘exstruis
960 2862 976 2899 a
1005 2845 1201 2904 struice...
1303 2841 1304 2910 Ξ

197 2918 321 2973 Naeuius
340 2917 515 2972 nominatiuo
536 2916 714 2987 singulari..
732 2919 749 2971 .'

574 3139 577 3148 ›
655 3102 738 3161 'VHI

196 3205 366 3272 Neminem
384 3203 466 3289 uidi,
485 3205 541 3289 qui
558 3225 691 3268 numero
711 3203 807 3268 sciret
826 3203 979 3288 quicquid
996 3203 1076 3268 scito
1097 3208 1200 3289 opust.

266 3328 365 3382 Festus
387 3345 414 3396 p.
435 3330 487 3380 170
505 3325 543 3380 M.
573 3325 724 3380 ‘numero
745 3367 795 3380 ...
815 3324 890 3394 apud
917 3323 1100 3380 Naeuium..
1117 3369 1122 3380 .
1138 3324 1156 3380 i.
1177 3341 1199 3380 e.

196 3398 313 3453 nimium
332 3397 435 3452 sciret!
473 3396 603 3451 Fortasse
623 3395 782 3451 comoediae
802 3395 919 3450 debetur
937 3396 964 3450 h.
984 3414 1009 3450 v.

266 3521 394 3560 numero:
418 3504 453 3572 cf.
473 3505 562 3559 coroll.
582 3503 633 3557 XV
642 3521 679 3573 sq.
751 3501 886 3571 quicquid
902 3503 964 3558 Bae
982 3500 1031 3570 qui
1049 3503 1125 3570 quod
1143 3505 1199 3559 cod.

232 3575 302 3630 scito
322 3576 443 3648 Scaliger
461 3573 515 3629 scit
533 3573 564 3628 ia
583 3575 617 3645 (h.
632 3591 652 3628 e.
671 3573 701 3626 id
720 3574 772 3643 est)
791 3575 847 3629 cod.
922 3589 990 3642 opus
1010 3575 1066 3628 cod.
