2644 3982
293 257 342 322 nx
359 248 533 322 13333313
544 267 783 323 3133333333
801 267 954 323 raama
1063 269 1128 334 313

157 427 218 482 Ter.
238 427 347 482 Phorm.
364 433 462 482 135..
546 428 744 483 ,1333311133
762 431 937 482 uentumst
954 428 1130 483 utnoimnr

122 499 200 624 &oss
201 498 266 638 331111
280 471 556 568 paratragoediantii
571 499 699 568 exempla
713 499 829 570 collegit
842 499 898 553 Leo
912 499 1003 555 Plaut.
1018 500 1131 554 Forsoh.

197 693 248 731 neo
267 678 385 732 Botbius
403 679 432 730 et
450 698 471 730 ω

569 754 690 814 CXXIX
886 772 888 776 ’

583 936 586 941 ¹
654 857 773 943 gradus
796 856 950 922 eliminat.

95 988 99 995 '
193 977 384 1043 Quintilianus
402 977 514 1047 vnis,
529 984 562 1031 31
593 977 697 1059 ‘nostri
726 977 811 1058 333
803 995 834 1030 1n
858 977 1005 1060 iungendo
1029 977 1110 1032 aut‘
1101 995 1132 1030 m

122 1049 276 1104 deriuando
286 1049 417 1131 paulum
435 1048 549 1130 aliquid
572 1048 634 1102 ausi
656 1048 705 1102 uix
727 1048 757 1102 in
780 1048 834 1102 hoo
857 1047 927 1103 33313
950 1047 1131 1118 recipiuntur.

120 1138 188 1175 nam
210 1118 325 1175 memini
346 1118 457 1186 iuuenis
480 1119 632 1174 admodum
654 1119 746 1174 inter
768 1119 990 1189 Pomponium
1012 1136 1051 1174 33
1075 1119 1132 1174 Se-

120 1205 238 1246 necam
256 1190 363 1246 otiam
380 1181 660 1260 praefationibus
679 1207 753 1245 3333
772 1193 973 1260 tractatum,
993 1207 1036 1245 an
1053 1208 1132 1260 gra-

121 1264 183 1316 dus
197 1261 377 1317 eliminat
369 1279 403 1315 1n
417 1261 602 1332 tragoedia
616 1261 673 1316 dici
683 1261 873 1331 oportuisset)
893 1261 934 1316 cf
942 1261 1037 1316 ooroll.
1045 1261 1133 1316 LXIV

121 1334 244 1405 (Strauss
263 1333 282 1388 1.
301 1332 319 1388 l.
340 1336 385 1402 19)

575 1411 699 1492 CXXX.

17 1579 20 1586 Ι
121 1497 185 1562 Pro
208 1495 367 1580 Iuppiter!
809 1471 815 1480 ⁸
950 1508 952 1513 ’
1130 1485 1186 1562 ’333

192 1618 320 1672 Donatus
338 1615 368 1670 in
386 1615 447 1671 Ter.
466 1615 585 1685 Adelph.
602 1617 659 1685 ln,
674 1623 706 1671 31
727 1618 772 1688 (ef.
792 1617 830 1672 ad
847 1617 976 1686 111‚43.
994 1616 1072 1686 IV‘l,
1088 1619 1133 1686 13)

124 1691 198 1758 ‘pro
216 1686 502 1759 luppitertragioa
519 1687 708 1744 exclamatio!
746 1687 786 1744 of.
805 1687 890 1742 Ennii
907 1705 933 1743 v.
949 1693 1009 1742 333.

571 1820 691 1880 CXXXI

123 1903 215 1968 mehe
493 1907 496 1912 '

194 2022 385 2088 Quintilianus
403 2024 464 2092 15,
483 2025 556 2078 21‘
562 2024 725 2104 parcissime
753 2026 801 2078 ea'
827 2025 864 2093 (H
881 2023 989 2093 littera)
1009 2025 1134 2078 ‘ueteres

123 2095 206 2150 usi..
219 2094 333 2175 ‚erupit
351 2093 431 2148 breui
449 2097 574 2175 tempore
592 2093 695 2148 nimius
714 2112 819 2150 usus.
832 2111 909 2162 ,333
928 2094 963 2148 de
980 2111 1010 2148 re
1029 2093 1135 2150 Catulli

123 2165 219 2223 nobile
242 2164 416 2235 epigramma
440 2167 497 2218 est.
528 2164 594 2219 inde
618 2165 701 2219 durat
724 2166 761 2220 ad
778 2182 830 2219 nos
848 2181 937 2235 usque
954 2165 1135 2220 uehementer

123 2240 152 2292 et
175 2235 409 2318 comprehendere
433 2235 562 2290 etmihi:
585 2252 652 2290 nam
669 2236 764 2290 mehe
783 2252 895 2318 quoque
912 2253 963 2305 pro
981 2253 1026 2290 me
1045 2238 1134 2307 apud

124 2304 286 2376 antiquos
305 2307 567 2376 tragoediarum
584 2307 770 2377 praecipue
788 2305 1000 2376 scriptores'
992 2326 1026 2361 1n
1040 2311 1134 2363 uete-

123 2379 220 2433 ribus
238 2377 367 2435 libris'
359 2378 573 2432 rnuenimus.²

561 2509 698 2569 CXXXII

213 2611 431 2690 Quintilianus
449 2610 496 2676 XI
515 2613 550 2697 3,
571 2612 611 2676 73
645 2611 695 2695 ‘in
727 2610 772 2676 313
805 2633 886 2695 quae
919 2613 959 2676 ad
990 2633 1136 2676 scaenam

123 2722 362 2804 componuntur
389 2717 508 2782 fabulis
536 2718 675 2782 artifices
697 2718 927 2802 pronuntiandi
951 2739 969 2782 a
991 2719 1136 2803 personis

125 2848 253 2911 quoque
281 2824 424 2889 adfectus
451 2827 654 2909 mutuantur,
684 2828 728 2890 ut'
748 2825 791 2889 sit
817 2823 965 2910 Aerope
994 2825 1033 2888 in
1060 2829 1120 2900 tra

124 2933 262 3019 goedia
297 2931 441 3016 tristis,
478 2934 590 2998 atrox
621 2923 764 3026 Medea,
801 2931 993 2996 attonitus
1024 2929 1136 3016 Aiax,
1210 2971 1212 2976 ,

123 3038 369 3102 truculentus
391 3035 599 3102 Hercules?

195 3165 318 3271 aerope
340 3149 421 3203 Bem.
445 3149 543 3203 Bamb.
568 3164 693 3218 europe
715 3149 824 3203 Monac.
851 3148 961 3203 Niobe
983 3149 1046 3204 edd.
1066 3133 1149 3204 vetts

124 3221 261 3289 Merope
302 3220 411 3290 angius.
449 3219 489 3275 cf.
509 3222 617 3288 quaest.
638 3236 711 3274 soen.
730 3238 757 3289 p.
774 3225 833 3274 26⁷.

554 3350 706 3410 CXXXIII
1108 3423 1109 3428 ἵ

601 3475 661 3539 age
682 3455 833 3538 prdpera,
856 3458 973 3538 macte,
995 3451 1106 3516 nitier!
1211 3449 1214 3458 ’

174 3564 338 3620 'etunius
361 3583 387 3634 p.
405 3570 456 3619 173
470 3566 500 3620 Ρ.
535 3565 778 3620 ‘demonstrandi'
807 3567 855 3635 (33.
884 3563 1060 3634 adverbium)
1084 3564 1135 3618 ‘en

124 3637 199 3708 abit,
228 3653 292 3691 eooe
318 3635 399 3690 uenit
426 3635 514 3690 curiit
536 3635 658 3691 adsistit.
694 3635 877 3692 Hortandi:
907 3651 968 3705 age
989 3651 1136 3705 propera
