<?xml version="1.0" encoding="UTF-8"?>
<!DOCTYPE html PUBLIC "-//W3C//DTD XHTML 1.0 Transitional//EN"
    "http://www.w3.org/TR/xhtml1/DTD/xhtml1-transitional.dtd">
<html xmlns="http://www.w3.org/1999/xhtml" xml:lang="en" lang="en">
 <head>
  <title>
</title>
<meta http-equiv="Content-Type" content="text/html;charset=utf-8" />
  <meta name='ocr-system' content='tesseract 3.04.00' />
  <meta name='ocr-capabilities' content='ocr_page ocr_carea ocr_par ocr_line ocrx_word'/>
</head>
<body>
  <div class='ocr_page' id='page_1' title='image "./scaenicaeromano06ribbgoog_0218.png"; bbox 0 0 2682 3980; ppageno 0'>
   <div class='ocr_carea' id='block_1_1' title="bbox 464 221 1142 286">
    <p class='ocr_par' dir='ltr' id='par_1_1' title="bbox 464 221 1142 286">
     <span class='ocr_line' id='line_1_1' title="bbox 464 221 1142 286; baseline 0.003 -12"><span class='ocrx_word' id='word_1_1' title='bbox 464 247 467 254; x_wconf 95' lang='lat'>·</span> <span class='ocrx_word' id='word_1_2' title='bbox 548 221 577 274; x_wconf 89' lang='lat' dir='ltr'>L.</span> <span class='ocrx_word' id='word_1_3' title='bbox 598 221 723 276; x_wconf 78' lang='lat' dir='ltr'>ACCIVS</span> <span class='ocrx_word' id='word_1_4' title='bbox 956 275 958 280; x_wconf 89' lang='grc'>,</span> <span class='ocrx_word' id='word_1_5' title='bbox 1077 223 1142 286; x_wconf 79' lang='grc'>203</span> 
     </span>
    </p>
   </div>
   <div class='ocr_carea' id='block_1_2' title="bbox 133 379 1144 520">
    <p class='ocr_par' dir='ltr' id='par_1_2' title="bbox 133 379 1144 520">
     <span class='ocr_line' id='line_1_2' title="bbox 133 379 1144 452; baseline 0.003 -19"><span class='ocrx_word' id='word_1_6' title='bbox 133 379 323 450; x_wconf 73' lang='lat' dir='ltr'>(epigona</span> <span class='ocrx_word' id='word_1_7' title='bbox 353 380 390 433; x_wconf 90' lang='lat' dir='ltr'><strong>W</strong></span> <span class='ocrx_word' id='word_1_8' title='bbox 420 400 456 434; x_wconf 88' lang='lat' dir='ltr'>m.</span> <span class='ocrx_word' id='word_1_9' title='bbox 484 387 497 433; x_wconf 93' lang='lat'><strong>1</strong></span> <span class='ocrx_word' id='word_1_10' title='bbox 532 380 690 451; x_wconf 88' lang='lat' dir='ltr'>epigone</span> <span class='ocrx_word' id='word_1_11' title='bbox 722 382 794 436; x_wconf 84' lang='lat' dir='ltr'>Elor.</span> <span class='ocrx_word' id='word_1_12' title='bbox 823 401 859 436; x_wconf 90' lang='lat' dir='ltr'>m.</span> <span class='ocrx_word' id='word_1_13' title='bbox 889 388 903 435; x_wconf 92' lang='lat'>1</span> <span class='ocrx_word' id='word_1_14' title='bbox 939 381 1144 452; x_wconf 79' lang='lat' dir='ltr'><strong>Epigonis</strong></span> 
     </span>
     <span class='ocr_line' id='line_1_3' title="bbox 135 451 285 520; baseline -0.007 -16"><span class='ocrx_word' id='word_1_15' title='bbox 135 451 285 520; x_wconf 85' lang='lat' dir='ltr'>Mercerus)</span> 
     </span>
    </p>
   </div>
   <div class='ocr_carea' id='block_1_3' title="bbox 133 556 1145 699">
    <p class='ocr_par' dir='ltr' id='par_1_3' title="bbox 133 556 1145 699">
     <span class='ocr_line' id='line_1_4' title="bbox 202 556 1145 628; baseline 0.003 -18"><span class='ocrx_word' id='word_1_16' title='bbox 202 556 286 625; x_wconf 90' lang='lat' dir='ltr'>quid.</span> <span class='ocrx_word' id='word_1_17' title='bbox 299 602 303 611; x_wconf 94' lang='lat'>.</span> <span class='ocrx_word' id='word_1_18' title='bbox 316 574 393 612; x_wconf 89' lang='lat' dir='ltr'>cesso</span> <span class='ocrx_word' id='word_1_19' title='bbox 405 556 449 610; x_wconf 84' lang='lat' dir='ltr'>F¹</span> <span class='ocrx_word' id='word_1_20' title='bbox 468 559 516 626; x_wconf 82' lang='lat' dir='ltr'>(cu</span> <span class='ocrx_word' id='word_1_21' title='bbox 534 557 603 627; x_wconf 90' lang='lat' dir='ltr'>quid</span> <span class='ocrx_word' id='word_1_22' title='bbox 618 561 741 628; x_wconf 69' lang='lat' dir='ltr'>autemr)</span> <span class='ocrx_word' id='word_1_23' title='bbox 791 575 826 614; x_wconf 91' lang='lat' dir='ltr'>en</span> <span class='ocrx_word' id='word_1_24' title='bbox 841 576 921 614; x_wconf 89' lang='lat' dir='ltr'>camo</span> <span class='ocrx_word' id='word_1_25' title='bbox 933 560 1049 615; x_wconf 80' lang='lat' dir='ltr'>Grotius</span> <span class='ocrx_word' id='word_1_26' title='bbox 1064 576 1145 614; x_wconf 87' lang='lat' dir='ltr'>camo</span> 
     </span>
     <span class='ocr_line' id='line_1_5' title="bbox 133 627 775 699; baseline 0.005 -16"><span class='ocrx_word' id='word_1_27' title='bbox 133 651 155 683; x_wconf 85' lang='lat' dir='ltr'>o</span> <span class='ocrx_word' id='word_1_28' title='bbox 173 645 253 683; x_wconf 88' lang='lat' dir='ltr'>camo</span> <span class='ocrx_word' id='word_1_29' title='bbox 272 627 338 682; x_wconf 89' lang='lat' dir='ltr'>uide</span> <span class='ocrx_word' id='word_1_30' title='bbox 362 631 427 684; x_wconf 82' lang='lat' dir='ltr'>olim</span> <span class='ocrx_word' id='word_1_31' title='bbox 441 632 575 699; x_wconf 75' lang='lat' dir='ltr'><em>proposui</em></span> <span class='ocrx_word' id='word_1_32' title='bbox 593 629 658 696; x_wconf 79' lang='lat' dir='ltr'>iam,</span> <span class='ocrx_word' id='word_1_33' title='bbox 678 647 694 684; x_wconf 94' lang='lat' dir='ltr'>o</span> <span class='ocrx_word' id='word_1_34' title='bbox 713 632 775 686; x_wconf 81' lang='lat' dir='ltr'>Boc</span> 
     </span>
    </p>
   </div>
   <div class='ocr_carea' id='block_1_4' title="bbox 134 815 1081 1017">
    <p class='ocr_par' dir='ltr' id='par_1_4' title="bbox 134 815 1081 1017">
     <span class='ocr_line' id='line_1_6' title="bbox 605 815 676 872; baseline 0 0"><span class='ocrx_word' id='word_1_35' title='bbox 605 815 676 872; x_wconf 86' lang='lat' dir='ltr'>XIV</span> 
     </span>
     <span class='ocr_line' id='line_1_7' title="bbox 134 924 1081 1017; baseline 0 -27"><span class='ocrx_word' id='word_1_36' title='bbox 134 924 240 990; x_wconf 83' lang='lat' dir='ltr'>Viden</span> <span class='ocrx_word' id='word_1_37' title='bbox 262 929 299 989; x_wconf 82' lang='lat' dir='ltr'>ut</span> <span class='ocrx_word' id='word_1_38' title='bbox 323 929 355 988; x_wconf 88' lang='lat' dir='ltr'>te</span> <span class='ocrx_word' id='word_1_39' title='bbox 378 925 515 1008; x_wconf 74' lang='lat' dir='ltr'>inpietas</span> <span class='ocrx_word' id='word_1_40' title='bbox 538 924 684 1017; x_wconf 83' lang='lat' dir='ltr'>stimulat</span> <span class='ocrx_word' id='word_1_41' title='bbox 706 947 764 989; x_wconf 89' lang='lat' dir='ltr'>nec</span> <span class='ocrx_word' id='word_1_42' title='bbox 787 925 932 990; x_wconf 72' lang='lat' dir='ltr'>moderit</span> <span class='ocrx_word' id='word_1_43' title='bbox 954 926 1081 990; x_wconf 80' lang='lat' dir='ltr'>metus?</span> 
     </span>
    </p>
   </div>
   <div class='ocr_carea' id='block_1_5' title="bbox 132 1055 1142 1198">
    <p class='ocr_par' dir='ltr' id='par_1_5' title="bbox 132 1055 1142 1198">
     <span class='ocr_line' id='line_1_8' title="bbox 201 1055 1142 1151; baseline -0.001 -42"><span class='ocrx_word' id='word_1_44' title='bbox 201 1055 273 1136; x_wconf 65' lang='lat' dir='ltr'>bion.</span> <span class='ocrx_word' id='word_1_45' title='bbox 288 1060 349 1151; x_wconf 62' lang='lat'>{4⁷2²</span> <span class='ocrx_word' id='word_1_46' title='bbox 364 1060 396 1107; x_wconf 77' lang='lat'>21</span> <span class='ocrx_word' id='word_1_47' title='bbox 420 1055 614 1108; x_wconf 74' lang='lat' dir='ltr'><strong>‘moderant</strong></span> <span class='ocrx_word' id='word_1_48' title='bbox 632 1071 682 1124; x_wconf 87' lang='lat' dir='ltr'>pro</span> <span class='ocrx_word' id='word_1_49' title='bbox 701 1055 889 1110; x_wconf 69' lang='lat' dir='ltr'>moderantur.</span> <span class='ocrx_word' id='word_1_50' title='bbox 922 1055 1023 1110; x_wconf 81' lang='lat' dir='ltr'>Accius</span> <span class='ocrx_word' id='word_1_51' title='bbox 1036 1055 1142 1126; x_wconf 95' lang='lat' dir='ltr'>Ephi-</span> 
     </span>
     <span class='ocr_line' id='line_1_9' title="bbox 132 1144 286 1198; baseline 0 -18"><span class='ocrx_word' id='word_1_52' title='bbox 132 1144 230 1198; x_wconf 87' lang='lat' dir='ltr'>gon1s</span> <span class='ocrx_word' id='word_1_53' title='bbox 247 1169 286 1181; x_wconf 90' lang='lat'>...</span> 
     </span>
    </p>
   </div>
   <div class='ocr_carea' id='block_1_6' title="bbox 201 1193 1053 1300">
    <p class='ocr_par' dir='ltr' id='par_1_6' title="bbox 201 1193 1053 1300">
     <span class='ocr_line' id='line_1_10' title="bbox 201 1193 1053 1300; baseline 0.004 -15"><span class='ocrx_word' id='word_1_54' title='bbox 201 1231 300 1286; x_wconf 84' lang='lat' dir='ltr'>uident</span> <span class='ocrx_word' id='word_1_55' title='bbox 317 1193 358 1285; x_wconf 83' lang='lat' dir='ltr'>ut</span> <span class='ocrx_word' id='word_1_56' title='bbox 369 1233 423 1300; x_wconf 85' lang='lat' dir='ltr'>Ba,</span> <span class='ocrx_word' id='word_1_57' title='bbox 442 1233 515 1286; x_wconf 70' lang='lat' dir='ltr'>mede</span> <span class='ocrx_word' id='word_1_58' title='bbox 533 1231 619 1286; x_wconf 89' lang='lat' dir='ltr'>uiden</span> <span class='ocrx_word' id='word_1_59' title='bbox 637 1234 668 1285; x_wconf 91' lang='lat' dir='ltr'>tu</span> <span class='ocrx_word' id='word_1_60' title='bbox 688 1235 720 1286; x_wconf 92' lang='lat' dir='ltr'>ut</span> <span class='ocrx_word' id='word_1_61' title='bbox 738 1235 808 1288; x_wconf 81' lang='lat' dir='ltr'>coni.</span> <span class='ocrx_word' id='word_1_62' title='bbox 828 1234 884 1288; x_wconf 75' lang='lat' dir='ltr'>Ec.</span> <span class='ocrx_word' id='word_1_63' title='bbox 904 1234 1006 1288; x_wconf 80' lang='lat' dir='ltr'>Becker</span> <span class='ocrx_word' id='word_1_64' title='bbox 1050 1245 1053 1250; x_wconf 80' lang='grc'>’</span> 
     </span>
    </p>
   </div>
   <div class='ocr_carea' id='block_1_7' title="bbox 108 1418 1001 1615">
    <p class='ocr_par' dir='ltr' id='par_1_7' title="bbox 108 1418 1001 1615">
     <span class='ocr_line' id='line_1_11' title="bbox 607 1418 662 1475; baseline 0 0"><span class='ocrx_word' id='word_1_65' title='bbox 607 1418 662 1475; x_wconf 87' lang='lat' dir='ltr'>XV</span> 
     </span>
     <span class='ocr_line' id='line_1_12' title="bbox 108 1505 1001 1615; baseline 0.003 -24"><span class='ocrx_word' id='word_1_66' title='bbox 108 1505 200 1613; x_wconf 77' lang='lat' dir='ltr'>¹Age</span> <span class='ocrx_word' id='word_1_67' title='bbox 224 1550 282 1614; x_wconf 88' lang='lat' dir='ltr'>age</span> <span class='ocrx_word' id='word_1_68' title='bbox 305 1529 451 1613; x_wconf 76' lang='lat' dir='ltr'>amolire,</span> <span class='ocrx_word' id='word_1_69' title='bbox 474 1529 600 1613; x_wconf 83' lang='lat' dir='ltr'>amitte,</span> <span class='ocrx_word' id='word_1_70' title='bbox 624 1550 701 1593; x_wconf 88' lang='lat' dir='ltr'>caue</span> <span class='ocrx_word' id='word_1_71' title='bbox 723 1533 846 1594; x_wconf 89' lang='lat' dir='ltr'>uestem</span> <span class='ocrx_word' id='word_1_72' title='bbox 869 1530 1001 1615; x_wconf 79' lang='lat' dir='ltr'>rittigns!</span> 
     </span>
    </p>
   </div>
   <div class='ocr_carea' id='block_1_8' title="bbox 132 1657 1138 1798">
    <p class='ocr_par' dir='ltr' id='par_1_8' title="bbox 132 1657 1138 1798">
     <span class='ocr_line' id='line_1_13' title="bbox 201 1657 1138 1728; baseline 0.002 -17"><span class='ocrx_word' id='word_1_73' title='bbox 201 1659 271 1712; x_wconf 89' lang='lat' dir='ltr'>Non.</span> <span class='ocrx_word' id='word_1_74' title='bbox 289 1664 331 1726; x_wconf 77' lang='lat'>75,</span> <span class='ocrx_word' id='word_1_75' title='bbox 346 1664 379 1712; x_wconf 79' lang='lat'>32</span> <span class='ocrx_word' id='word_1_76' title='bbox 401 1657 561 1728; x_wconf 79' lang='lat' dir='ltr'>‘attigat,</span> <span class='ocrx_word' id='word_1_77' title='bbox 584 1658 744 1728; x_wconf 85' lang='lat' dir='ltr'>continget.</span> <span class='ocrx_word' id='word_1_78' title='bbox 757 1703 762 1714; x_wconf 90' lang='lat'>.</span> <span class='ocrx_word' id='word_1_79' title='bbox 775 1658 893 1712; x_wconf 90' lang='lat' dir='ltr'>.Accius</span> <span class='ocrx_word' id='word_1_80' title='bbox 911 1659 1074 1728; x_wconf 87' lang='lat' dir='ltr'>Erigonis</span> <span class='ocrx_word' id='word_1_81' title='bbox 1086 1704 1091 1714; x_wconf 94' lang='lat'>.</span> <span class='ocrx_word' id='word_1_82' title='bbox 1104 1703 1108 1714; x_wconf 93' lang='lat'><em>.</em></span> <span class='ocrx_word' id='word_1_83' title='bbox 1121 1660 1138 1714; x_wconf 93' lang='lat'>.&#39;</span> 
     </span>
     <span class='ocr_line' id='line_1_14' title="bbox 132 1728 478 1798; baseline 0.009 -18"><span class='ocrx_word' id='word_1_84' title='bbox 132 1728 309 1798; x_wconf 84' lang='lat' dir='ltr'>(Epigonis</span> <span class='ocrx_word' id='word_1_85' title='bbox 329 1729 478 1798; x_wconf 90' lang='lat' dir='ltr'>Mercerus)</span> 
     </span>
    </p>
   </div>
   <div class='ocr_carea' id='block_1_9' title="bbox 201 1843 974 1915">
    <p class='ocr_par' dir='ltr' id='par_1_9' title="bbox 201 1843 974 1915">
     <span class='ocr_line' id='line_1_15' title="bbox 201 1843 974 1915; baseline 0.003 -18"><span class='ocrx_word' id='word_1_86' title='bbox 201 1843 277 1898; x_wconf 88' lang='lat' dir='ltr'>abite</span> <span class='ocrx_word' id='word_1_87' title='bbox 298 1848 348 1913; x_wconf 84' lang='lat' dir='ltr'>(cet</span> <span class='ocrx_word' id='word_1_88' title='bbox 367 1844 474 1915; x_wconf 87' lang='lat' dir='ltr'>abbitc)</span> <span class='ocrx_word' id='word_1_89' title='bbox 492 1863 513 1900; x_wconf 88' lang='lat' dir='ltr'>cc</span> <span class='ocrx_word' id='word_1_90' title='bbox 531 1845 610 1899; x_wconf 87' lang='lat' dir='ltr'>aufer</span> <span class='ocrx_word' id='word_1_91' title='bbox 628 1848 657 1898; x_wconf 90' lang='lat' dir='ltr'>te</span> <span class='ocrx_word' id='word_1_92' title='bbox 672 1861 751 1914; x_wconf 84' lang='lat' dir='ltr'>prop.</span> <span class='ocrx_word' id='word_1_93' title='bbox 771 1847 803 1900; x_wconf 82' lang='lat' dir='ltr'>io</span> <span class='ocrx_word' id='word_1_94' title='bbox 820 1846 910 1900; x_wconf 79' lang='lat' dir='ltr'>ceroti.</span> <span class='ocrx_word' id='word_1_95' title='bbox 925 1845 974 1899; x_wconf 87' lang='lat' dir='ltr'>LV</span> 
     </span>
    </p>
   </div>
   <div class='ocr_carea' id='block_1_10' title="bbox 599 2031 669 2088">
    <p class='ocr_par' dir='ltr' id='par_1_10' title="bbox 599 2031 669 2088">
     <span class='ocr_line' id='line_1_16' title="bbox 599 2031 669 2088; baseline 0 0"><span class='ocrx_word' id='word_1_96' title='bbox 599 2031 669 2088; x_wconf 88' lang='lat' dir='ltr'>XVI</span> 
     </span>
    </p>
   </div>
   <div class='ocr_carea' id='block_1_11' title="bbox 130 2120 1191 2256">
    <p class='ocr_par' dir='ltr' id='par_1_11' title="bbox 130 2120 1191 2256">
     <span class='ocr_line' id='line_1_17' title="bbox 130 2120 1191 2256; baseline -0.004 -50"><span class='ocrx_word' id='word_1_97' title='bbox 130 2141 274 2224; x_wconf 70' lang='lat' dir='ltr'>Minoas,</span> <span class='ocrx_word' id='word_1_98' title='bbox 298 2139 381 2204; x_wconf 86' lang='lat' dir='ltr'>adsis</span> <span class='ocrx_word' id='word_1_99' title='bbox 404 2141 525 2224; x_wconf 73' lang='lat' dir='ltr'>butem,</span> <span class='ocrx_word' id='word_1_100' title='bbox 549 2139 645 2204; x_wconf 83' lang='lat' dir='ltr'>exilio</span> <span class='ocrx_word' id='word_1_101' title='bbox 669 2140 772 2204; x_wconf 74' lang='lat' dir='ltr'>macte</span> <span class='ocrx_word' id='word_1_102' title='bbox 795 2162 834 2204; x_wconf 85' lang='lat' dir='ltr'>ex</span> <span class='ocrx_word' id='word_1_103' title='bbox 852 2139 946 2203; x_wconf 77' lang='lat' dir='ltr'>tesris</span> <span class='ocrx_word' id='word_1_104' title='bbox 964 2120 1191 2256; x_wconf 58' lang='grc' dir='ltr'><strong>ΡθΊορίίεῬΞὲΞ</strong></span> 
     </span>
    </p>
   </div>
   <div class='ocr_carea' id='block_1_12' title="bbox 130 2263 1138 2412">
    <p class='ocr_par' dir='ltr' id='par_1_12' title="bbox 130 2263 1138 2412">
     <span class='ocr_line' id='line_1_18' title="bbox 200 2263 1138 2338; baseline -0.001 -14"><span class='ocrx_word' id='word_1_105' title='bbox 200 2271 272 2324; x_wconf 87' lang='lat' dir='ltr'>Non.</span> <span class='ocrx_word' id='word_1_106' title='bbox 288 2275 348 2338; x_wconf 80' lang='lat'>342,</span> <span class='ocrx_word' id='word_1_107' title='bbox 364 2275 397 2322; x_wconf 84' lang='lat'>13</span> <span class='ocrx_word' id='word_1_108' title='bbox 417 2270 582 2323; x_wconf 83' lang='lat' dir='ltr'>‘mactare</span> <span class='ocrx_word' id='word_1_109' title='bbox 601 2269 676 2323; x_wconf 89' lang='lat' dir='ltr'>malo</span> <span class='ocrx_word' id='word_1_110' title='bbox 696 2269 814 2323; x_wconf 87' lang='lat' dir='ltr'>adficere</span> <span class='ocrx_word' id='word_1_111' title='bbox 833 2263 1008 2338; x_wconf 60' lang='lat' dir='ltr'>significat.)</span> <span class='ocrx_word' id='word_1_112' title='bbox 1021 2313 1025 2323; x_wconf 94' lang='lat'><em>.</em></span> <span class='ocrx_word' id='word_1_113' title='bbox 1036 2269 1138 2323; x_wconf 85' lang='lat' dir='ltr'>Accius</span> 
     </span>
     <span class='ocr_line' id='line_1_19' title="bbox 130 2339 729 2412; baseline -0.007 -16"><span class='ocrx_word' id='word_1_114' title='bbox 130 2341 284 2412; x_wconf 83' lang='lat' dir='ltr'>Epigono</span> <span class='ocrx_word' id='word_1_115' title='bbox 301 2341 354 2394; x_wconf 80' lang='lat'><em>...⁵</em></span> <span class='ocrx_word' id='word_1_116' title='bbox 384 2339 560 2409; x_wconf 82' lang='lat' dir='ltr'>(Epigonis</span> <span class='ocrx_word' id='word_1_117' title='bbox 579 2340 729 2410; x_wconf 87' lang='lat' dir='ltr'>Mercerus)</span> 
     </span>
    </p>
   </div>
   <div class='ocr_carea' id='block_1_13' title="bbox 128 2454 1138 2884">
    <p class='ocr_par' dir='ltr' id='par_1_13' title="bbox 128 2454 1138 2884">
     <span class='ocr_line' id='line_1_20' title="bbox 201 2454 1138 2526; baseline -0.003 -14"><span class='ocrx_word' id='word_1_118' title='bbox 201 2457 314 2512; x_wconf 80' lang='lat' dir='ltr'>Gerreci</span> <span class='ocrx_word' id='word_1_119' title='bbox 326 2463 358 2511; x_wconf 84' lang='lat' dir='ltr'>ut</span> <span class='ocrx_word' id='word_1_120' title='bbox 367 2457 448 2526; x_wconf 78' lang='lat' dir='ltr'>potui</span> <span class='ocrx_word' id='word_1_121' title='bbox 491 2470 606 2508; x_wconf 89' lang='lat' dir='ltr'>maneas</span> <span class='ocrx_word' id='word_1_122' title='bbox 621 2454 770 2508; x_wconf 88' lang='lat' dir='ltr'>adhisante</span> <span class='ocrx_word' id='word_1_123' title='bbox 780 2475 801 2507; x_wconf 88' lang='grc' dir='ltr'><em>ω</em></span> <span class='ocrx_word' id='word_1_124' title='bbox 814 2471 942 2510; x_wconf 87' lang='lat' dir='ltr'>maneas:</span> <span class='ocrx_word' id='word_1_125' title='bbox 956 2455 1028 2509; x_wconf 90' lang='lat' dir='ltr'>alios</span> <span class='ocrx_word' id='word_1_126' title='bbox 1043 2459 1138 2510; x_wconf 84' lang='lat' dir='ltr'>autern</span> 
     </span>
     <span class='ocr_line' id='line_1_21' title="bbox 129 2524 1136 2597; baseline -0.004 -13"><span class='ocrx_word' id='word_1_127' title='bbox 129 2530 248 2584; x_wconf 83' lang='lat' dir='ltr'>Botbius</span> <span class='ocrx_word' id='word_1_128' title='bbox 265 2544 379 2581; x_wconf 89' lang='lat' dir='ltr'>maneas</span> <span class='ocrx_word' id='word_1_129' title='bbox 399 2526 435 2580; x_wconf 89' lang='lat' dir='ltr'>ad</span> <span class='ocrx_word' id='word_1_130' title='bbox 450 2524 607 2580; x_wconf 82' lang='lat' dir='ltr'>Glisantem</span> <span class='ocrx_word' id='word_1_131' title='bbox 623 2526 759 2597; x_wconf 69' lang='lat' dir='ltr'>Berytius</span> <span class='ocrx_word' id='word_1_132' title='bbox 777 2525 833 2580; x_wconf 85' lang='lat' dir='ltr'>moi</span> <span class='ocrx_word' id='word_1_133' title='bbox 851 2542 925 2579; x_wconf 90' lang='lat' dir='ltr'>nunc</span> <span class='ocrx_word' id='word_1_134' title='bbox 943 2525 1033 2581; x_wconf 76' lang='lat' dir='ltr'>adsis!</span> <span class='ocrx_word' id='word_1_135' title='bbox 1053 2544 1089 2580; x_wconf 86' lang='lat' dir='ltr'>an</span> <span class='ocrx_word' id='word_1_136' title='bbox 1108 2529 1136 2581; x_wconf 90' lang='lat' dir='ltr'>te</span> 
     </span>
     <span class='ocr_line' id='line_1_22' title="bbox 128 2599 1137 2669; baseline -0.004 -14"><span class='ocrx_word' id='word_1_137' title='bbox 128 2618 149 2655; x_wconf 83' lang='lat' dir='ltr'>rc</span> <span class='ocrx_word' id='word_1_138' title='bbox 171 2602 218 2668; x_wconf 90' lang='lat' dir='ltr'>(an</span> <span class='ocrx_word' id='word_1_139' title='bbox 240 2603 269 2653; x_wconf 90' lang='lat' dir='ltr'>te</span> <span class='ocrx_word' id='word_1_140' title='bbox 292 2599 436 2669; x_wconf 80' lang='lat' dir='ltr'>Scotipcr):</span> <span class='ocrx_word' id='word_1_141' title='bbox 466 2599 560 2652; x_wconf 82' lang='lat' dir='ltr'>saltem</span> <span class='ocrx_word' id='word_1_142' title='bbox 586 2613 701 2651; x_wconf 80' lang='lat' dir='ltr'>maneas</span> <span class='ocrx_word' id='word_1_143' title='bbox 725 2599 809 2652; x_wconf 82' lang='lat' dir='ltr'>teucri</span> <span class='ocrx_word' id='word_1_144' title='bbox 832 2599 941 2652; x_wconf 80' lang='lat' dir='ltr'>debebat</span> <span class='ocrx_word' id='word_1_145' title='bbox 1012 2600 1137 2652; x_wconf 88' lang='lat' dir='ltr'>mactent</span> 
     </span>
     <span class='ocr_line' id='line_1_23' title="bbox 129 2669 1136 2742; baseline -0.004 -16"><span class='ocrx_word' id='word_1_146' title='bbox 129 2671 249 2742; x_wconf 79' lang='lat' dir='ltr'>Scutipcr</span> <span class='ocrx_word' id='word_1_147' title='bbox 265 2671 359 2724; x_wconf 86' lang='lat' dir='ltr'>macto</span> <span class='ocrx_word' id='word_1_148' title='bbox 377 2669 496 2724; x_wconf 79' lang='lat' dir='ltr'>Botbe&#39;us</span> <span class='ocrx_word' id='word_1_149' title='bbox 513 2670 634 2721; x_wconf 74' lang='lat' dir='ltr'>mecum</span> <span class='ocrx_word' id='word_1_150' title='bbox 652 2669 798 2739; x_wconf 70' lang='lat' dir='ltr'>Quicberut</span> <span class='ocrx_word' id='word_1_151' title='bbox 851 2684 965 2721; x_wconf 88' lang='lat' dir='ltr'>maneas</span> <span class='ocrx_word' id='word_1_152' title='bbox 984 2669 1080 2738; x_wconf 82' lang='lat' dir='ltr'>Argis:</span> <span class='ocrx_word' id='word_1_153' title='bbox 1100 2686 1136 2722; x_wconf 86' lang='lat' dir='ltr'>an</span> 
     </span>
     <span class='ocr_line' id='line_1_24' title="bbox 128 2738 1135 2808; baseline -0.002 -13"><span class='ocrx_word' id='word_1_154' title='bbox 128 2744 157 2795; x_wconf 91' lang='lat' dir='ltr'>te</span> <span class='ocrx_word' id='word_1_155' title='bbox 176 2758 199 2795; x_wconf 89' lang='lat' dir='ltr'>e.</span> <span class='ocrx_word' id='word_1_156' title='bbox 217 2743 339 2795; x_wconf 79' lang='lat' dir='ltr'>mactun</span> <span class='ocrx_word' id='word_1_157' title='bbox 356 2741 419 2794; x_wconf 79' lang='lat' dir='ltr'>Bac</span> <span class='ocrx_word' id='word_1_158' title='bbox 472 2739 581 2808; x_wconf 88' lang='lat' dir='ltr'>pelopis</span> <span class='ocrx_word' id='word_1_159' title='bbox 600 2739 721 2793; x_wconf 75' lang='lat' dir='ltr'>extorsis</span> <span class='ocrx_word' id='word_1_160' title='bbox 740 2742 770 2805; x_wconf 83' lang='lat' dir='ltr'>et</span> <span class='ocrx_word' id='word_1_161' title='bbox 787 2760 808 2792; x_wconf 88' lang='grc' dir='ltr'>ω</span> <span class='ocrx_word' id='word_1_162' title='bbox 825 2738 937 2808; x_wconf 88' lang='lat' dir='ltr'>Pelopis</span> <span class='ocrx_word' id='word_1_163' title='bbox 957 2755 990 2792; x_wconf 84' lang='lat' dir='ltr'>ex</span> <span class='ocrx_word' id='word_1_164' title='bbox 1009 2740 1135 2794; x_wconf 88' lang='lat' dir='ltr'>terminis</span> 
     </span>
     <span class='ocr_line' id='line_1_25' title="bbox 128 2809 700 2884; baseline -0.005 -15"><span class='ocrx_word' id='word_1_165' title='bbox 128 2812 249 2884; x_wconf 70' lang='lat' dir='ltr'>&amp;aliger</span> <span class='ocrx_word' id='word_1_166' title='bbox 265 2811 388 2880; x_wconf 85' lang='lat' dir='ltr'>Pelopiis</span> <span class='ocrx_word' id='word_1_167' title='bbox 404 2813 408 2881; x_wconf 89' lang='grc'>1</span> <span class='ocrx_word' id='word_1_168' title='bbox 425 2827 459 2865; x_wconf 86' lang='lat' dir='ltr'>ex</span> <span class='ocrx_word' id='word_1_169' title='bbox 476 2809 558 2864; x_wconf 76' lang='lat' dir='ltr'>terris</span> <span class='ocrx_word' id='word_1_170' title='bbox 578 2809 700 2866; x_wconf 77' lang='lat' dir='ltr'>Vossius</span> 
     </span>
    </p>
   </div>
   <div class='ocr_carea' id='block_1_14' title="bbox 198 2925 803 2993">
    <p class='ocr_par' dir='ltr' id='par_1_14' title="bbox 198 2925 803 2993">
     <span class='ocr_line' id='line_1_26' title="bbox 198 2925 803 2993; baseline -0.002 -13"><span class='ocrx_word' id='word_1_171' title='bbox 198 2927 321 2981; x_wconf 84' lang='lat' dir='ltr'>Adiunxi</span> <span class='ocrx_word' id='word_1_172' title='bbox 340 2927 384 2981; x_wconf 91' lang='lat' dir='ltr'>his</span> <span class='ocrx_word' id='word_1_173' title='bbox 403 2926 457 2981; x_wconf 90' lang='lat' dir='ltr'>inc.</span> <span class='ocrx_word' id='word_1_174' title='bbox 476 2925 530 2980; x_wconf 92' lang='lat' dir='ltr'>inc.</span> <span class='ocrx_word' id='word_1_175' title='bbox 550 2925 607 2981; x_wconf 89' lang='lat' dir='ltr'>fab.</span> <span class='ocrx_word' id='word_1_176' title='bbox 627 2925 753 2980; x_wconf 86' lang='lat' dir='ltr'><strong>LXXVII</strong></span> <span class='ocrx_word' id='word_1_177' title='bbox 763 2943 803 2993; x_wconf 89' lang='lat' dir='ltr'>sq.</span> 
     </span>
    </p>
   </div>
   <div class='ocr_carea' id='block_1_15' title="bbox 126 3146 967 3478">
    <p class='ocr_par' dir='ltr' id='par_1_15' title="bbox 126 3146 967 3478">
     <span class='ocr_line' id='line_1_27' title="bbox 528 3146 733 3206; baseline -0.01 0"><span class='ocrx_word' id='word_1_178' title='bbox 528 3146 733 3206; x_wconf 75' lang='lat' dir='ltr'>ERIPHYLA</span> 
     </span>
     <span class='ocr_line' id='line_1_28' title="bbox 197 3271 967 3342; baseline 0 -15"><span class='ocrx_word' id='word_1_179' title='bbox 197 3274 336 3328; x_wconf 75' lang='lat' dir='ltr'>Esffnras</span> <span class='ocrx_word' id='word_1_180' title='bbox 354 3273 472 3327; x_wconf 86' lang='lat' dir='ltr'>fortasse</span> <span class='ocrx_word' id='word_1_181' title='bbox 490 3289 548 3326; x_wconf 90' lang='lat' dir='ltr'>non</span> <span class='ocrx_word' id='word_1_182' title='bbox 566 3272 677 3326; x_wconf 82' lang='lat' dir='ltr'>diversa</span> <span class='ocrx_word' id='word_1_183' title='bbox 696 3271 751 3326; x_wconf 91' lang='lat' dir='ltr'>fuit</span> <span class='ocrx_word' id='word_1_184' title='bbox 769 3272 805 3326; x_wconf 89' lang='lat' dir='ltr'>ab</span> <span class='ocrx_word' id='word_1_185' title='bbox 823 3272 967 3342; x_wconf 83' lang='lat' dir='ltr'>Epigonis.</span> 
     </span>
     <span class='ocr_line' id='line_1_29' title="bbox 126 3387 839 3478; baseline -0.006 -20"><span class='ocrx_word' id='word_1_186' title='bbox 126 3387 232 3458; x_wconf 71' lang='lat' dir='ltr'>Pollis</span> <span class='ocrx_word' id='word_1_187' title='bbox 254 3393 404 3476; x_wconf 81' lang='lat' dir='ltr'>bicorpor</span> <span class='ocrx_word' id='word_1_188' title='bbox 427 3392 581 3478; x_wconf 77' lang='lat' dir='ltr'>singuium</span> <span class='ocrx_word' id='word_1_189' title='bbox 604 3391 707 3474; x_wconf 75' lang='lat' dir='ltr'>spiras</span> <span class='ocrx_word' id='word_1_190' title='bbox 729 3391 839 3455; x_wconf 86' lang='lat' dir='ltr'>trahit.</span> 
     </span>
    </p>
   </div>
   <div class='ocr_carea' id='block_1_16' title="bbox 127 3520 1133 3664">
    <p class='ocr_par' dir='ltr' id='par_1_16' title="bbox 127 3520 1133 3664">
     <span class='ocr_line' id='line_1_30' title="bbox 196 3520 1133 3592; baseline -0.002 -16"><span class='ocrx_word' id='word_1_191' title='bbox 196 3522 355 3577; x_wconf 80' lang='lat' dir='ltr'>Priscianus</span> <span class='ocrx_word' id='word_1_192' title='bbox 373 3541 399 3592; x_wconf 94' lang='lat' dir='ltr'>p.</span> <span class='ocrx_word' id='word_1_193' title='bbox 420 3527 471 3576; x_wconf 83' lang='grc'>699</span> <span class='ocrx_word' id='word_1_194' title='bbox 485 3521 515 3576; x_wconf 93' lang='lat' dir='ltr'>P.</span> <span class='ocrx_word' id='word_1_195' title='bbox 548 3520 723 3590; x_wconf 80' lang='lat' dir='ltr'>‘bicorpor</span> <span class='ocrx_word' id='word_1_196' title='bbox 740 3521 907 3590; x_wconf 77' lang='lat' dir='ltr'>bicorporis,</span> <span class='ocrx_word' id='word_1_197' title='bbox 926 3520 1063 3590; x_wconf 86' lang='lat' dir='ltr'>tricorpor</span> <span class='ocrx_word' id='word_1_198' title='bbox 1081 3520 1133 3575; x_wconf 93' lang='lat' dir='ltr'>tri-</span> 
     </span>
     <span class='ocr_line' id='line_1_31' title="bbox 127 3591 999 3664; baseline -0.003 -15"><span class='ocrx_word' id='word_1_199' title='bbox 127 3593 259 3664; x_wconf 88' lang='lat' dir='ltr'>corporis,</span> <span class='ocrx_word' id='word_1_200' title='bbox 277 3596 310 3647; x_wconf 91' lang='lat' dir='ltr'>ut</span> <span class='ocrx_word' id='word_1_201' title='bbox 327 3592 429 3646; x_wconf 85' lang='lat' dir='ltr'>Accius</span> <span class='ocrx_word' id='word_1_202' title='bbox 446 3592 478 3644; x_wconf 91' lang='lat' dir='ltr'>in</span> <span class='ocrx_word' id='word_1_203' title='bbox 495 3591 631 3661; x_wconf 74' lang='lat' dir='ltr'>Eriphyla</span> <span class='ocrx_word' id='word_1_204' title='bbox 646 3593 700 3648; x_wconf 83' lang='lat'>...’</span> <span class='ocrx_word' id='word_1_205' title='bbox 729 3591 891 3664; x_wconf 88' lang='lat' dir='ltr'>(heripila</span> <span class='ocrx_word' id='word_1_206' title='bbox 910 3592 999 3662; x_wconf 85' lang='lat' dir='ltr'>Grut.)</span> 
     </span>
    </p>
   </div>
   <div class='ocr_carea' id='block_1_17' title="bbox 0 0 1346 3980">
    <p class='ocr_par' dir='ltr' id='par_1_17' title="bbox 0 0 1346 3980">
     <span class='ocr_line' id='line_1_32' title="bbox 0 0 1346 3980; baseline 0 2"><span class='ocrx_word' id='word_1_207' title='bbox 0 0 1346 3980; x_wconf 95' lang='lat' dir='ltr'> </span> 
     </span>
    </p>
   </div>
  </div>
 </body>
</html>
