2644 3982
278 322 280 326 Ι
307 241 356 295 ΕΧ
375 241 542 296 INGERTIS
561 241 801 296 INCERTORVM
819 241 970 296 FABVLIS
1078 241 1140 306 281

134 402 281 456 Armorum
303 401 408 456 iudicio
432 405 461 456 et
484 401 537 456 hoo
560 403 589 455 et
608 402 662 456 duo
687 400 834 470 sequentia
856 401 1014 470 fragmenta
1036 399 1144 455 inseru-

29 514 31 516 -
133 475 217 526 erunt
229 473 274 542 (cl.
289 471 355 528 hiat.
370 476 442 542 trag.
458 476 533 542 370):
552 472 675 527 Pacuvio
690 472 722 527 fr.
733 472 822 526 XXXI
836 471 937 527 tribuit
950 473 1030 526 Marx
1043 491 1070 543 p.
1083 478 1141 526 132.

207 603 221 649 1
242 600 336 666 aperto
356 597 420 651 aiax
439 596 515 651 fatur
533 597 630 652 Bamb.
646 599 661 652 b
679 597 802 666 Apertae
820 597 896 650 fatur
912 597 1059 652 Memmius
1113 614 1143 651 se

135 667 217 722 Hert.
233 668 299 723 Por.
315 669 408 737 Beria,
426 671 499 723 ande
518 667 558 721 sei
573 669 662 722 Mara
720 674 735 721 2
754 666 822 721 talis
840 667 895 721 fuit
912 667 992 722 iubet
1009 667 1064 722 tali
1081 667 1143 721 dari

134 754 212 792 anna
234 739 326 806 qualis
349 739 398 808 qui
420 739 508 820 gessit
530 738 585 792 fuit
610 740 709 793 Bamb.
733 758 751 794 a
774 756 841 794 corr.
862 739 937 794 Fris.
961 741 993 794 ia
1014 757 1065 810 my.
1089 739 1142 792 tali

134 809 196 863 dari
215 825 292 864 arma
310 810 401 878 qualis
420 809 469 864 ille
487 809 536 879 qui
554 809 643 879 gessit
659 809 728 864 talis
746 809 801 863 luit
818 811 882 865 Tar.
898 809 952 863 tali
964 808 1028 878 fuit,
1046 812 1143 865 noediia

134 883 246 948 anissis,
266 881 331 936 Por.
351 899 384 938 m.
404 899 444 950 pr.
463 882 548 936 Beria.
567 900 601 935 m.
618 888 632 934 1
652 881 719 934 talis
737 880 793 934 fuit
806 882 904 936 Bamb.
924 899 942 936 a
959 899 993 936 ni.
1005 899 1049 950 pr.
1066 881 1141 936 Fris.

134 952 200 1007 Por.
224 969 291 1007 corr.
318 952 394 1008 Gorb.
466 959 550 1007 3om.
570 953 668 1007 Bamb.
687 971 705 1007 o
723 971 756 1006 m.
773 969 817 1020 pr.
890 952 1056 1022 Pergamum
1075 952 1141 1007 Por.
1168 951 1169 954 ’

134 1022 216 1078 Hert.
232 1023 316 1078 Beria.
335 1023 471 1093 Pergamo
486 1045 507 1092 φ
562 1029 579 1076 4
597 1039 683 1091 quam
698 1023 774 1078 Gorb.
789 1024 856 1078 Par.
870 1041 904 1077 m.
920 1029 936 1075 2
955 1039 1028 1091 quae
1041 1023 1139 1077 Bomt.

134 1093 212 1148 Leid.
232 1095 353 1149 Damnst.
408 1111 452 1148 me
471 1112 520 1149 cm.
542 1094 617 1150 ciro.
638 1094 703 1149 Par.
722 1113 756 1148 m.
773 1095 904 1149 2·Bamt.
924 1094 1003 1148 Laid.
1021 1095 1139 1149 Dormet.

186 1181 250 1219 moa
273 1167 316 1218 est
338 1167 464 1220 Porisiui
486 1167 552 1233 duo,
576 1167 660 1218 Bora.
680 1165 764 1220 Hert.
787 1172 850 1220 mea
868 1167 912 1218 est
930 1165 1056 1220 Parisini
1074 1182 1141 1220 corr.

135 1234 210 1290 Coro.
230 1253 309 1290 mea.
320 1253 364 1289 me
383 1236 458 1290 enim
476 1239 519 1290 est
532 1238 631 1291 Bonit.
646 1236 725 1290 Laid.
780 1253 853 1305 quae
868 1253 919 1306 ego
933 1253 997 1289 mea
1010 1236 1141 1304 profiteor

134 1323 194 1361 esse
212 1323 256 1360 me
275 1310 318 1361 est
337 1323 438 1376 equum
454 1307 509 1361 frui
526 1309 591 1363 Twr.
610 1323 683 1376 quae
698 1323 749 1377 ego
763 1323 827 1362 mea
839 1308 972 1377 profiteor
985 1323 1057 1362 esse:
1076 1324 1143 1360 nam

133 1393 178 1431 me
202 1394 320 1446 aequom
343 1381 386 1432 est
408 1377 463 1430 frui
482 1381 599 1434 Bottiaia
653 1379 765 1433 Poterat
783 1381 865 1434 etiam
882 1381 982 1434 conici:
1004 1394 1051 1431 me
1068 1377 1142 1431 enim

134 1450 184 1518 (oet
201 1449 276 1519 med)
296 1451 421 1502 aeodmst
437 1449 493 1502 frui
551 1456 567 1504 5
587 1449 672 1503 armis
691 1467 740 1504 om.
760 1452 835 1505 codd.
855 1451 947 1505 mutili
1001 1455 1016 1502 6
1035 1449 1140 1516 quia..

134 1519 201 1587 quia
219 1521 317 1575 Bamb.
336 1522 459 1576 Dormit.
479 1520 584 1589 quia..
600 1521 676 1590 quod
694 1521 786 1590 Leto,
809 1538 865 1576 coa
887 1523 957 1576 mole
1028 1519 1142 1574 uirtutis

133 1591 231 1646 Bamb.
246 1592 326 1646 Leid.
344 1592 467 1647 Dormiat.
522 1592 644 1646 remulus
658 1593 724 1648 Par.
740 1593 824 1648 Hert.
839 1593 924 1648 Beria.
942 1591 1017 1647 Oort.
1034 1591 1142 1645 emulus

133 1679 195 1715 sum
212 1663 310 1718 Baitit.
330 1663 408 1718 Leid.
428 1665 551 1719 Dormiat.
571 1666 605 1731 ef.
625 1666 715 1718 coroll.
734 1664 799 1717 XXI

589 1832 687 1889 XXXI

424 1942 426 1948 '
528 1932 612 1995 Aiax

136 2033 234 2098 Cuius
256 2034 325 2118 ipse
348 2037 495 2120 princeps
517 2038 597 2101 idris
619 2037 749 2101 iurandi
769 2038 845 2120 fuit,

42 2186 45 2190 -
135 2139 227 2216 Quod
251 2141 360 2206 omnes
383 2143 485 2227 scitis,
509 2143 595 2206 solus
617 2143 762 2229 neglexit
784 2143 893 2206 fidem:

134 2246 252 2310 Furere
276 2247 480 2334 adsimulare,
502 2251 543 2312 ne
566 2249 679 2334 coiret,
701 2249 830 2313 institit.

135 2354 227 2432 Quod
250 2353 287 2417 ni
306 2351 470 2418 Palamedi
492 2356 660 2439 perspicax
683 2355 854 2439 prudentia

106 2459 231 2531 elatius
254 2465 419 2544 percepset
442 2461 636 2526 malitiosam
660 2463 837 2546 audaciam,

133 2567 210 2632 Fide
233 2571 374 2632 sacratae
397 2568 447 2631 ius
468 2571 624 2652 perpetuo
647 2568 781 2632 falleret.

204 2707 298 2761 Cicero
318 2707 352 2761 de
372 2705 416 2760 off.
430 2706 470 2760 HI
485 2714 527 2775 26,
542 2713 575 2762 98
596 2707 677 2762 ‘utile
691 2707 841 2762 uidebatur
855 2705 962 2774 Vlixi,
981 2710 1014 2761 ut
1028 2708 1141 2777 quidem

132 2781 233 2846 poetae
258 2777 361 2848 tragici
381 2776 622 2846 prodiderunt
638 2779 687 2833 sed
709 2777 876 2832 insimulant
894 2795 958 2832 eum
977 2781 1141 2848 tragoediae

134 2848 311 2903 simulatione
338 2849 466 2903 insaniae
493 2848 625 2904 militiam
653 2850 845 2918 subterfugere
868 2849 1034 2905 uoluisse..
1052 2851 1141 2919 ,quid

134 2917 208 2973 enim
236 2918 397 2973 auditumm
423 2923 507 2989 putas
530 2920 617 2975 fuisse
635 2921 758 2990 Vlixem,
788 2920 812 2974 si
834 2919 865 2973 in
887 2920 939 2974 illa
961 2920 1141 2978 simulatione

133 2989 385 3060 perseuerauisset?
404 2991 453 3059 qui
472 3009 535 3045 cum
553 2991 689 3045 maximas
707 3009 750 3045 res
767 2991 886 3060 gesserit
898 2991 929 3044 in
942 2991 1027 3061 bello,
1046 2995 1142 3048 tamen

134 3062 217 3114 haec
236 3061 356 3116 audiat
373 3063 415 3116 ab
434 3062 550 3118 Aiace:
570 3063 682 3116 ouius'
703 3079 725 3117 e.
746 3080 772 3131 q.
793 3071 813 3116 sss

206 3190 219 3237 1
241 3184 285 3238 cui
303 3187 386 3240 Beria.
406 3205 424 3241 a
477 3193 493 3239 3
513 3185 676 3240 assimulare
690 3187 775 3242 Beria
795 3205 809 3242 o
828 3185 1007 3240 assimulauit
1024 3189 1141 3258 (adaia

133 3254 310 3309 insimulauit
335 3257 405 3311 Oetl.
478 3264 495 3311 4
512 3257 658 3311 Palamedi
676 3259 773 3312 Baoib.
794 3259 916 3312 Waereb.
940 3259 1100 3313 Palamedis
1120 3282 1141 3329 φ

188 3332 204 3380 t
226 3330 370 3396 percepset
396 3329 469 3396 edd,
497 3346 579 3397 quom
604 3331 722 3396 famam
749 3331 780 3382 ia
806 3331 1002 3384 dubitationem
1030 3333 1142 3386 vocabat

136 3400 296 3464 Modcieaa
320 3399 441 3464 defendit
462 3400 497 3454 A.
518 3399 641 3454 Koetiae
659 3399 830 3469 percepisset
848 3421 869 3453 ω
888 3401 945 3470 (sed
962 3398 973 3452 i
996 3417 1087 3467 erosa,
1111 3411 1142 3456 ot

133 3471 253 3536 videtur,
281 3471 312 3522 ia
339 3469 448 3536 Romo.)
474 3473 622 3538 perspexet
646 3471 774 3526 Klotzioe
859 3470 994 3524 astutiam
1019 3471 1091 3526 ch.
1115 3492 1141 3541 a,

138 3541 318 3607 Woteptetdios
381 3545 396 3591 6
416 3539 442 3592 ei
461 3539 496 3594 de
515 3542 619 3596 Barac.
635 3545 682 3597 ab
701 3541 770 3595 fides
789 3542 968 3596 Hermotimus
1031 3547 1142 3598 sacrata

133 3612 255 3666 Amtroa
275 3610 373 3665 Bamb.
393 3611 515 3666 Woereb.
534 3612 639 3667 Berua.
654 3632 672 3668 a
687 3613 790 3668 ocem.
810 3615 953 3668 sacratum
971 3612 1054 3668 Bera.
1074 3631 1088 3670 e
