2662 3978
187 219 251 282 110
571 219 607 273 M.
627 217 807 273 Paovvlvs

670 387 702 444 Π

184 483 331 552 Tristitia
353 491 449 571 atque
472 489 571 553 animi
595 486 796 553 intoleranda
819 487 1005 553 auxitidiue

253 608 325 663 Non.
346 615 387 677 72,
402 615 435 664 33
457 608 639 664 ‘anxitudo
655 609 724 664 ....’

667 743 713 801 ΙΠ

129 863 180 912 lto
191 893 303 908 .....
327 844 362 909 tt
383 867 448 910 non
474 867 614 930 cernam,
636 843 700 908 nisi
723 847 840 931 tagam.

251 963 350 1019 Festus
368 985 394 1036 p.
411 971 462 1021 356
476 966 514 1020 M.
535 966 643 1036 ‘tagit
660 965 800 1020 Pacuuius
819 965 849 1018 in
863 966 970 1020 Teucro
984 999 1019 1006 —
1034 970 1063 1021 et
1076 970 1193 1036 tagam

180 1032 256 1088 idem
274 1035 305 1090 in
321 1036 473 1092 Hermiona
488 1083 493 1092 .
506 1082 511 1092 .
524 1039 541 1092 .'

252 1145 283 1196 at
300 1144 417 1199 Bottias
436 1146 486 1197 aut
504 1146 560 1200 cod.
616 1146 698 1213 tagat
717 1145 867 1199 Vaticanus

661 1275 706 1334 IV

182 1364 262 1430 (ium
284 1369 387 1451 neque
410 1389 462 1432 me
486 1369 625 1454 aspicere
649 1368 796 1452 aequales
819 1369 989 1456 dignare'nt
1011 1391 1099 1434 meae

250 1487 321 1542 Nou.
341 1493 406 1557 470,
421 1495 455 1543 19
485 1488 643 1559 ‘dignaui
669 1507 720 1559 pro
748 1490 881 1560 dignatus
909 1495 970 1544 sum
996 1491 1043 1545 uel
1071 1489 1188 1560 dignum

180 1557 247 1611 duxi
263 1560 315 1613 ...’
353 1559 465 1614 Servius
483 1559 553 1614 Dan.
577 1560 607 1614 in
624 1562 693 1614 Aen.
712 1561 751 1614 XI
766 1567 817 1616 169
842 1561 907 1615 ‘alii
930 1561 1066 1632 dignam
1088 1562 1187 1631 legunt

178 1629 259 1683 iuxta
275 1633 385 1683 ueteres
404 1631 440 1684 ab
459 1647 492 1687 eo
512 1632 587 1699 quod
606 1634 649 1686 est
668 1631 771 1702 digno
787 1677 791 1687 .
805 1677 809 1686 .
822 1633 839 1686 .’
877 1631 1025 1686 Diomedes
1045 1651 1073 1702 p.
1089 1639 1140 1686 395
1155 1631 1185 1687 P.

181 1699 301 1769 ‘digno
321 1700 362 1754 ait
379 1701 519 1756 Pacuuius
537 1702 568 1755 in
585 1702 753 1758 Hermiona.
766 1747 771 1758 .
783 1705 800 1758 .’

248 1823 293 1861 me
315 1823 364 1862 om.
385 1808 529 1863 Diomedes
605 1809 743 1879 aspiceret
765 1811 855 1866 Nonii
872 1831 893 1864 ω
916 1809 1052 1879 inspicere
1076 1809 1186 1865 &aare

230 1893 310 1932 meae
328 1895 378 1933 om.
398 1879 543 1935 Diomedes
560 1896 605 1934 mc
624 1881 733 1938 Seruios
752 1882 836 1936 Fcld.

176 2101 271 2168 Prius
295 2104 369 2168 data
387 2108 435 2169 est
453 2127 550 2189 quam
568 2105 631 2170 tibi
650 2013 717 2170 eri
737 2106 835 2192 dicta,
858 2109 914 2170 adt
932 2129 1028 2190 quam
1047 2106 1186 2172 reditum

814 2217 862 2278 est
883 2212 1050 2300 Pe'rgamo.

247 2333 318 2387 Nou.
338 2338 400 2402 280,
414 2338 447 2386 27
469 2332 599 2387 ‘dicere
617 2332 703 2387 etiam
721 2333 901 2402 promittere.
913 2377 918 2389 .
930 2378 936 2388 .
948 2335 965 2388 .’

176 2555 269 2634 Quod
298 2579 357 2643 ego
390 2558 424 2621 in
457 2557 524 2622 acie
556 2465 701 2622 celebr}I
712 2557 875 2623 obiectans
904 2557 1007 2623 uitam
1035 2559 1184 2625 bellando

812 2665 906 2749 aptus
928 2687 999 2730 sum

244 2785 316 2840 Nou.
332 2791 394 2855 234,
408 2791 441 2840 25
462 2786 578 2856 ‘aptus
598 2784 739 2854 significat
757 2786 912 2857 adeptus..
925 2788 942 2841 .’

246 2891 357 2948 celebra
374 2894 493 2949 Batitas
511 2893 621 2948 celebro
639 2914 661 2947 ω
680 2893 776 2947 crebro
796 2895 905 2949 Vossius

175 3117 260 3196 Quid
281 3119 447 3184 benefacta
470 3119 537 3185 mei
556 3026 789 3205 patrisYHouius
814 3121 909 3203 <Spera
931 3122 963 3184 te
986 3141 1053 3184 esse
1076 3119 1183 3185 ulium

811 3227 1000 3292 adtumaui‘?

242 3348 314 3403 Non.
335 3354 430 3416 237‚3
456 3348 647 3402 ‘autumare
675 3351 719 3402 est
746 3346 846 3402 dicere.
883 3347 1023 3401 Pacuuius
1045 3347 1182 3402 Periboea

173 3420 305 3476 ...idem
321 3419 545 3475 Hermiona..)
609 3451 612 3458 ·
1173 3448 1176 3455 .

242 3527 392 3583 benefacta
408 3525 465 3580 mei
480 3527 621 3581 Maraccas
637 3525 813 3580 benefaciam
831 3525 857 3579 ei
871 3546 892 3580 ω
952 3542 1035 3595 opera
1054 3529 1082 3579 te
1100 3527 1180 3596 culpo

173 3617 258 3671 opera
276 3601 407 3670 operate
426 3619 447 3652 ω
503 3599 651 3652 autumant
671 3597 705 3664 G,
724 3597 842 3652 Bothice
860 3599 1029 3667 autumatp
