2682 3980
547 206 576 260 L.
595 206 723 261 ACCIVS

487 374 780 434 ANTENORIDAE

629 499 645 558 I

504 600 544 665 ad
566 600 723 686 populum
745 600 899 687 iniellego

138 708 371 793 Referrindum,
395 708 548 792 quoniam
569 707 686 772 horum
709 708 854 791 aequiter
876 709 1052 773 sententiae
1144 727 1194 776 120

130 815 241 881 Fuere.

200 929 272 983 Non.
287 933 348 997 512,
362 933 397 981 29
418 926 592 995 ‘aequiier
609 944 660 997 pro
680 943 768 995 aeque
784 927 837 982 ...'

201 1041 217 1088 2
241 1034 375 1103 quoniam
393 1034 504 1105 horum]
523 1050 642 1102 quorum
660 1033 707 1087 Ba

621 1184 653 1242 H

130 1286 278 1353 Forta'sse
301 1309 342 1351 an
366 1287 408 1350 sit
431 1286 518 1369 quod
539 1287 599 1350 uis
621 1285 674 1350 hia
697 1307 762 1350 non
785 1286 902 1350 mertet
923 1289 1037 1350 metus.

200 1408 272 1462 Non.
289 1412 353 1476 138,
369 1413 403 1462 30
423 1408 615 1476 ‘martana
638 1407 796 1476 mergeret!
817 1406 891 1477 (fort.
913 1407 1052 1475 ‘mertare
1070 1424 1142 1462 mer-

133 1481 220 1550 gere'‚
244 1481 330 1548 atque
349 1477 389 1532 sic
408 1477 496 1548 Harl.)
515 1477 548 1533 ef.
568 1477 651 1532 Pauli
669 1478 768 1532 Festus
786 1496 813 1548 p.
828 1483 861 1532 81
880 1495 906 1532 v.
926 1478 1023 1548 exfuii,
1041 1497 1068 1548 p.
1090 1485 1141 1533 124

131 1569 157 1604 v.
176 1553 296 1620 meriai3
316 1547 507 1616 Quintilianus
525 1549 578 1619 14,
593 1556 635 1604 14.

202 1656 331 1711 forisssis
364 1674 401 1710 an
431 1658 515 1724 facile
541 1658 625 1712 scribi
652 1658 758 1711 licuisse
785 1657 922 1728 Berykias
949 1659 1061 1712 mosaic.
1104 1657 1142 1711 sii

130 1728 284 1855 ffilioiros
308 1729 370 1782 Bae
397 1726 435 1781 sit
462 1728 537 1796 quod
561 1727 703 1782 EFH’L
727 1727 764 1782 sit
787 1744 857 1796 quos
880 1749 902 1798 φ
927 1727 984 1782 sint
1007 1745 1076 1796 quos
1099 1730 1140 1784 ei.

616 1877 663 1936 III

132 1977 195 2045 Sed
214 1979 286 2064 quis
304 1979 358 2044 hia
377 1983 438 2064 est,
457 1980 513 2063 qui
532 1978 727 2043 matutinum
747 1983 875 2044 arirsum
891 1979 955 2044 hue
969 1979 1143 2044 celeranter

768 2086 878 2172 rapit?

199 2198 397 2267 1301151323
419 2198 630 2252 ‘celeranter
647 2214 698 2267 pro
717 2197 864 2253 celeriter!

183 2296 258 2350 huna
277 2297 325 2350 Ba

616 2376 659 2433 IV

130 2474 279 2561 Namque
294 2476 357 2541 haia
371 2497 422 2541 em
436 2477 541 2560 uenio,
554 2479 591 2540 ut
605 2477 676 2540 mia
691 2497 751 2561 ope
765 2497 841 2561 opes
851 2476 965 2540 Troiae
975 2474 1141 2563 integrem.

200 2589 379 2659 Non.127‚1
402 2587 605 2658 ‘integrare
625 2588 817 2659 redintegrare
833 2589 886 2644 ...'

201 2711 246 2749 em
277 2695 360 2750 uenio
387 2697 487 2764 scripsi
517 2693 631 2748 inuenio
658 2715 680 2747 ω
709 2694 828 2749 aduenio
856 2696 974 2752 Bathias
1001 2695 1031 2748 id
1058 2695 1142 2750 uenio

132 2765 246 2890 gessius
264 2766 347 2820 uenio
366 2767 471 2822 Jwaias
529 2765 600 2820 huoe
618 2764 701 2819 uenio
726 2768 858 2823 Vseaeras
919 2765 1019 2821 Troiae
1038 2767 1143 2822 anias

156 2854 242 2908 rogae
260 2859 281 2892 ω

505 3017 560 3101 qui
584 3021 640 3082 arii
662 3017 793 3083 illorum
816 3017 923 3101 e6piss
1145 3035 1195 3083 125

53 3159 56 3168 ·
130 3121 276 3188 Pandam
294 3123 329 3187 in
348 3145 470 3209 eampo,
494 3127 550 3188 aut
567 3124 660 3188 nauis
678 3147 779 3208 uram,
798 3128 854 3188 aut
872 3125 977 3190 casira
994 3126 1142 3192 msatsbo

769 3253 805 3294 m
828 3253 923 3296 mare.

203 3342 275 3396 Non.
290 3348 351 3410 341,
368 3348 400 3396 15
421 3344 599 3413 ‘massere2
617 3343 824 3414 praecipitare!

205 3446 218 3493 1
239 3439 288 3508 qui
307 3442 358 3494 aut
375 3451 398 3510 ψ
422 3439 531 3508 quieuit
549 3442 577 3494 B
596 3443 672 3509 (awm
691 3443 756 3498 latei
774 3441 857 3510 quei?
875 3444 909 3510 ef.
927 3445 988 3512 103)
1006 3441 1075 3510 quin
1094 3445 1143 3496 aut

133 3512 269 3583 Berykias
287 3510 366 3582 (quin
384 3513 513 3582 Bothias)
585 3511 703 3567 fundam
725 3511 756 3566 in
775 3529 874 3583 eampo
893 3512 989 3583 copias
1008 3514 1144 3584 Bassia

186 3581 282 3651 sepios
301 3582 401 3638 ΒΘΗ
456 3589 472 3636 2
491 3581 605 3638 iactabo
624 3584 773 3640 Madvisas
