2644 3982
185 206 251 270 322
612 205 772 261 NAEVIVS

186 366 220 421 cf.
244 366 282 420 ib.
299 372 340 422 28.
379 369 490 435 (casca
512 366 688 420 Hermannus
712 383 791 419 asca
809 365 900 418 Haun.
925 369 1001 420 asta
1019 367 1092 421 Flor.
1113 368 1194 422 Goth.

185 438 286 491 hasta
300 439 362 492 Par.
377 454 395 490 a
409 439 438 491 et
452 437 470 490 b
490 436 576 492 Osca
590 437 722 506 Scaliger.
743 439 840 490 casta
858 436 1040 506 participium
1055 455 1072 492 a
1086 438 1194 493 Naeuio

185 510 352 577 usurpatum
368 508 454 563 fuisse
473 511 556 577 putat
573 508 770 578 Buechelerus)

676 641 707 699 H

229 745 365 806 sponsus

255 844 344 898 Varro
365 846 399 898 dc
418 845 436 898 l.
456 846 474 898 l.
490 845 542 899 VH
556 851 607 899 107
621 846 658 898 M.
680 845 781 898 ‘multa
799 846 875 915 apud
893 848 993 914 poetas
1011 845 1121 913 reliqua
1135 855 1194 900 esse

185 915 285 983 uerba,
313 933 431 983 quornm
459 915 580 986 origines
608 915 718 985 possint
742 915 811 984 dici,
839 933 897 970 non
925 916 1035 986 dubito,
1064 920 1097 970 ut
1119 919 1195 986 a'pud

184 985 325 1040 Naeuium
350 987 380 1041 in
398 986 521 1042 Aesiona
536 1030 542 1041 .
560 1031 565 1042 .
581 987 611 1041 in
630 987 787 1042 Clastidio.
805 1031 810 1042 .
825 987 855 1040 in
873 987 946 1040 Dolo
961 1031 967 1042 .
983 1030 988 1041 .
1003 987 1034 1040 in
1051 986 1194 1042 Demetrio

186 1101 209 1112 ..
224 1057 255 1110 in
272 1058 465 1127 Lampadione
480 1102 485 1112 .
498 1104 503 1114 .
515 1102 538 1113 ..
553 1058 584 1112 in
602 1058 734 1114 Romulo:
760 1075 917 1127 sponsus,
940 1061 1046 1112 contra·
1062 1075 1195 1128 sponsum

184 1130 320 1198 rogatus’
349 1133 587 1200 (consponsus,
611 1133 731 1184 contra
751 1146 895 1198 sponsus
913 1128 1101 1183 Neukirchius
1121 1129 1194 1184 conl.
1289 1161 1290 1184 1

183 1200 263 1256 Varr.
283 1201 318 1254 de
336 1201 354 1254 l.
374 1201 392 1256 l.
412 1201 451 1254 VI
471 1205 517 1256 70:
547 1217 689 1270 sponsus
717 1203 832 1254 tuentur
855 1201 1030 1254 Hermannus
1055 1203 1084 1253 et
1104 1199 1194 1254 ,Lach-

183 1288 310 1326 mannus.
349 1271 388 1325 cf.
408 1271 499 1325 Naevi
518 1289 587 1326 com.
607 1272 660 1326 inc.
680 1272 738 1326 fab.
756 1271 857 1341 xxvi)

625 1421 753 1480 svers
791 1407 795 1414 ’

677 1546 694 1603 Ι

146 1645 252 1715 oRex
274 1645 393 1711 Veiens
415 1650 524 1734 regem
547 1647 666 1711 salutat
688 1644 774 1710 Vssre
800 1645 960 1710 Albanum
983 1645 1151 1712 Amulium

183 1751 325 1817 Comiter
352 1755 460 1817 senem
486 1754 671 1837 sapientem.
718 1754 830 1817 cdntra
852 1752 1034 1817 redhostis?
1056 1791 1099 1800 ——
1123 1753 1195 1817 Min
1289 1743 1290 1770 ³

819 1859 927 1924 sulus?

251 1972 351 2026 Festus
369 1990 396 2041 p.
413 1978 465 2026 270
479 1971 516 2025 M.
538 1971 764 2040 ‘redhostire‚
783 1971 885 2026 referre
904 1971 1034 2040 gratiam.
1063 1971 1196 2025 Nauius

180 2043 210 2096 in
229 2043 334 2112 Lupo:
358 2043 405 2097 uel
424 2043 541 2097 Veiens’
563 2059 586 2096 e.
606 2061 632 2111 q.
652 2061 673 2098 s.
711 2043 872 2112 (Naeuius
894 2042 929 2095 in
947 2042 1040 2096 Ludo
1060 2042 1193 2112 Scaliger.

180 2115 313 2168 Nouius
331 2114 366 2168 in
380 2115 472 2183 Lupo
487 2114 682 2184 Augustinus.)
705 2103 746 2168 De
761 2117 861 2184 togata
875 2113 1013 2183 cogitavit
1027 2113 1195 2169 Grauertus:

180 2189 357 2256 praetextam
376 2202 437 2239 esse
455 2202 508 2240 nec
527 2185 668 2239 diversam
686 2202 703 2238 a
722 2185 840 2239 Romulo
860 2183 928 2239 olim
947 2183 1104 2254 suspicatus
1123 2201 1193 2238 sum.

141 2293 143 2297 ·
179 2257 404 2327 Paratragoedat
422 2257 540 2310 Plautus
559 2257 639 2310 Truc.
655 2261 715 2310 515.

253 2369 266 2416 1
290 2379 339 2416 rex
359 2361 462 2416 Veiens
485 2365 585 2431 scripsi
606 2363 653 2416 uel
676 2361 772 2416 ueiens
795 2365 853 2418 cccl.
877 2361 927 2415 ubi
944 2361 1048 2416 Veiens
1072 2361 1197 2432 Scclc'per

180 2433 307 2488 Veientis
332 2435 464 2488 Vserrcrccs
544 2433 651 2487 salutat
674 2434 796 2504 Sccliyer
818 2435 864 2502 (cf.
889 2434 988 2488 Plauti
1011 2434 1109 2502 Amph.
1130 2435 1193 2500 676)

180 2505 287 2560 saltant
304 2506 362 2559 cod.
382 2503 491 2558 saluere
511 2505 626 2559 Vrsinus
686 2503 758 2558 Vibe
778 2505 819 2558 vel
836 2504 911 2558 Viba
929 2505 991 2558 Bae
1010 2506 1052 2574 (dc
1070 2504 1195 2558 Etrusca

135 2582 136 2585 ’
178 2579 298 2632 comicis
315 2577 406 2644 forma
424 2577 459 2644 cf.
481 2576 510 2630 0.
529 2576 661 2630 Muellerc'
678 2577 788 2631 Etrusc.
807 2576 918 2643 11424)
942 2574 1008 2646 uibp
1026 2577 1083 2629 cod.
1107 2573 1194 2627 iubeo

179 2648 300 2718 Scclc'pcr
322 2645 402 2700 iubet
426 2647 549 2701 Vrsinus.
586 2647 654 2700 Noc
676 2647 792 2700 multumt
815 2648 886 2701 absit
909 2645 1007 2699 Tebris
1026 2662 1136 2700 comeo:
1156 2646 1192 2712 cf.

185 2721 272 2774 Varro
291 2720 323 2773 dc
342 2719 359 2773 l.
378 2719 395 2770 l.
416 2719 487 2772 Vao
502 2718 544 2771 M.
617 2716 760 2770 Amulium
781 2717 902 2788 Scclipcr
924 2716 1044 2770 mulium
1062 2717 1119 2772 cod.

179 2795 195 2842 2
221 2788 337 2842 comiter
361 2789 482 2859 Scalipcr
510 2788 612 2842 comite
637 2791 693 2844 cod.
770 2787 911 2841 redhostit
936 2787 1059 2858 Scalipcr
1133 2785 1195 2838 min

100 2895 101 2898 =
180 2859 274 2915 salus?
290 2862 389 2928 scripsi
401 2859 528 2913 menalus
543 2862 600 2914 cod.
614 2858 743 2914 Menalus
758 2858 879 2929 Scoltyer
931 2859 1194 2930 luteorumoersum

87 2973 89 2977 ,
180 2930 297 2987 comiter
324 2949 344 2986 s.
369 2931 526 3000 sapientem
549 2932 647 2986 contra
670 2929 810 2984 redhostit
831 2931 894 2984 mea
918 2929 995 2983 salus
1018 2931 1196 2998 respondenti
1222 2939 1224 2942 ·

179 3005 228 3058 dut
246 3003 309 3057 Bae

181 3181 266 3246 Cedo
290 3179 350 3266 qui
370 3203 438 3246 rem
460 3185 603 3246 uestram
624 3181 787 3266 pdblicam
811 3186 935 3247 tantam
953 3181 1106 3246 amisistis
1124 3181 1158 3244 ta

816 3289 904 3353 cito?
924 3327 966 3336 -
996 3307 998 3316 ·

177 3394 416 3460 Proueniebant
440 3395 582 3460 oratores
604 3394 715 3479 nouei,
738 3395 830 3459 stulti
854 3395 1092 3460 adulescdntuli.

249 3505 345 3560 Cicero
369 3505 429 3559 Cat.
447 3505 513 3560 mai.
529 3513 557 3574 7,
573 3513 607 3561 20
633 3507 725 3574 ‘quod
749 3507 773 3560 si
791 3507 884 3576 legero
903 3509 954 3560 aut
972 3505 1069 3561 audire
1087 3505 1193 3560 uoletis

178 3579 306 3646 externa,
325 3575 461 3631 maximas
479 3593 523 3630 res
541 3577 670 3646 publicas
689 3578 725 3631 ab
745 3577 973 3633 adulescentibus
992 3577 1193 3646 labefactatas,
