2682 3980
567 216 597 270 L.
617 215 743 270 ACCIVS
1094 213 1159 280 227

509 383 804 443 NEOP'I'OLEMVS

222 501 422 555 Nnonuounxvs
440 499 486 554 vel
504 499 706 553 Nnonuonouvs
725 499 770 567 (cf.
789 499 821 552 ft.
841 498 887 554 ΠΙ.
906 499 951 565 V).

651 615 667 672 I

665 715 743 800 quid
766 716 793 778 si
817 737 856 779 ex
880 713 1013 779 Graecia

150 823 247 890 Omni
270 825 360 888 sslius
383 845 442 909 par
464 825 558 888 nemo
581 822 718 907 reperiri
737 821 866 906 potest?
1163 822 1217 870 465

221 947 294 1002 Non.
314 951 406 1014 501‚2
427 944 625 1016 ‘genetiuus
644 960 695 1014 pro
714 942 832 998 datiu0.’

224 1036 371 1123 lagrecia
389 1053 428 1107 W
495 1050 607 1106 20mni
626 1051 782 1105 Palowru'as
800 1065 881 1103 omne
900 1069 921 1102 ω
989 1047 1066 1102 illius
1085 1050 1162 1105 Mer·

150 1143 227 1182 cerua
241 1124 322 1178 ilium
333 1123 424 1193 (illum
434 1123 468 1177 H
472 1124 491 1193 ¹)
501 1143 522 1176 ω
571 1140 659 1176 rmum
672 1123 856 1192 septenarium
865 1122 1025 1176 continuari
1033 1122 1091 1176 vult
1100 1121 1163 1176 Bac

639 1273 671 1330 H

54 1419 56 1422 -
150 1376 240 1441 Haut
263 1375 434 1460 quisquam
457 1374 543 1458 potis
566 1378 614 1438 est
637 1373 775 1438 tolerare
797 1372 1018 1436 acritudinem.

221 1497 320 1551 Festus
338 1515 365 1565 p.
385 1501 437 1549 356
451 1495 489 1550 Μ,
519 1495 698 1564 ‘tolerare,
716 1493 859 1565 patienter
877 1494 969 1549 ferre'

221 1604 292 1656 haut
310 1604 345 1657 A.
365 1603 541 1674 Auqusttuas
558 1604 589 1656 ta
606 1619 660 1672 my.
681 1604 731 1656 aut
749 1604 805 1657 eod.

632 1753 679 1812 ΙΠ

149 1855 210 1921 Vis
232 1857 378 1920 veritatis
402 1909 408 1920 .
428 1907 461 1920 ..
485 1859 582 1940 atque
606 1855 722 1919 acritas

221 1977 293 2031 Non.
317 1982 384 2044 493,
408 1983 441 2031 15
475 1976 640 2031 ‘acuitas’
684 1975 941 2045 (Neoptolomeo
964 1976 1011 2046 W)
1052 1975 1162 2030 Gellius

151 2047 246 2102 xmo
271 2046 361 2100 ‘sicut
384 2050 480 2101 autem
500 2047 574 2100 nihil
592 2046 743 2114 quicquam
760 2046 890 2115 interest,
910 2045 1063 2101 suauitudo
1081 2046 1162 2100 dicas

151 2133 189 2173 an
207 2117 347 2187 suauitas,
367 2117 527 2172 sanctitudo
547 2135 584 2171 an
603 2117 752 2187 sanctitas,
772 2116 936 2171 acerbitudo
956 2134 992 2171 an
1011 2116 1161 2185 acerbitas,

151 2188 280 2244 acritudo
303 2205 353 2257 an,
381 2189 457 2256 quod
479 2188 580 2242 Accius
603 2187 634 2240 in
656 2188 842 2257 Neoptolemo
865 2187 989 2258 scripsit,
1018 2187 1160 2242 acuitas:

150 2261 192 2316 ita
215 2259 289 2313 nihil
312 2258 430 2357 rationis
454 2259 510 2313 dici
532 2261 640 2329 potest,
664 2258 732 2327 quin
754 2258 932 2314 necessitudo
955 2261 985 2312 et
1006 2258 1162 2313 necessitas

151 2333 323 2402 separentur.

221 2436 352 2492 ueritatis
370 2435 414 2489 uis
433 2437 552 2492 Vossius.
593 2436 634 2504 Cf.
653 2437 711 2491 Leo
729 2436 774 2491 Pl.
795 2437 829 2490 F.
849 2441 900 2490 286

148 2689 226 2756 Vim
248 2691 415 2776 ferociam,
442 2690 585 2753 animum
609 2690 824 2774 atrocitatem,
846 2689 928 2753 iram
951 2688 1161 2754 acrimoniam

219 2812 291 2866 Non.
304 2817 345 2880 73,
356 2817 390 2864 20
405 2809 610 2865 ‘acrimonia
625 2813 668 2865 est
681 2810 769 2864 animi
782 2810 938 2866 uiuacitas.
951 2855 956 2865 .
969 2810 986 2864 .’
1005 2813 1161 2881 (neopto-

89 2959 93 2967 Ι
148 2882 237 2937 lomo
250 2882 344 2936 Harl¹
357 2881 450 2936 Leid.¹
461 2881 682 2936 neobtolomo
695 2881 787 2936 Leid.¹
800 2881 1041 2951 neoptolomeo
1055 2881 1160 2951 Harl.¹)

219 2978 354 3042 ferociam
373 2987 460 3042 animi
478 2988 596 3044 Bottias

639 3084 667 3142 V

148 3185 235 3253 Satis
257 3187 322 3250 iam
345 3187 466 3251 dictum
485 3190 542 3272 est,¹
564 3187 669 3270 neque
687 3208 746 3272 ego
766 3187 923 3250 errantiae
941 3187 1041 3252 animi
1058 3210 1158 3271 praue

784 3293 1012 3380 morigerabor.
1065 3355 1069 3364 ,

218 3414 290 3468 Non.
311 3419 424 3483 204,1a
454 3416 563 3469 ‘error
589 3413 739 3468 masculini
766 3417 810 3468 est
836 3414 968 3484 generis.
986 3413 1157 3470 ..feminini

147 3484 248 3539 Accius
267 3485 453 3554 Neoptolemo
469 3487 521 3541 ...’
543 3485 795 3556 (neoptholomo
813 3485 911 3540 Vrbin.
927 3488 990 3556 308)

217 3592 341 3646 errantia
358 3593 393 3646 Η

944 3682 996 3734 15*
