2644 3982
180 255 244 318 278
351 253 401 308 EX
418 252 584 308 INOERTIS
603 251 843 307 INCERTORVM
861 251 1016 306 FABVLIS

180 415 211 469 in
228 415 372 470 Donatum
394 413 471 469 OGL.
490 414 529 468 IV
547 432 574 483 p.
590 419 642 468 564
660 413 693 466 Κ.
729 411 924 467 ‘soloecismus
946 455 1040 466 .....
1059 426 1109 479 per
1131 427 1195 479 per-

180 502 277 554 sonas,
302 485 388 540 sicut:
412 485 537 541 Danai’
558 501 581 540 e.
601 503 627 554 q.
647 503 668 538 s.
708 485 786 553 ‘proz
810 483 868 551 qui
890 481 1023 552 paretis
1047 479 1193 535 sumite?

181 557 251 612 Cum
274 556 307 612 fr.
326 555 391 610 XIX
409 557 451 612 cf.
474 555 616 611 Timothei
639 556 746 609 dictum
769 555 845 623 quod
869 553 1071 608 Demosthenes
1095 551 1198 606 laudat

180 627 268 682 inor.
289 628 323 681 dc
343 627 436 683 (thera.
453 634 495 682 74.

251 735 493 805 Interropatioccm
511 735 666 804 tnpcrctc'cc'
684 736 712 788 oi
728 734 811 804 sumpt
823 733 894 787 vidit
906 750 927 787 c
980 730 1056 799 quod
1073 730 1198 800 primum

181 806 295 876 Pompei
308 824 337 875 p.
354 812 404 859 291
427 807 518 861 Berol.

663 882 718 942 XX

124 1002 159 1050 35
178 985 282 1052 Dauai
305 987 361 1072 qui
383 988 498 1072 parent
515 957 654 1069 Atridis,
676 984 933 1069 quamprimum
952 1005 1042 1046 arma
1062 984 1197 1048 sumite!
1293 1055 1296 1064 ¹

249 1107 354 1176 atrides
381 1109 490 1164 Donati
516 1108 606 1162 Bcrot.
635 1104 721 1160 atridi
749 1105 862 1173 Pornpei
881 1122 910 1172 p.
926 1109 977 1157 291
1003 1104 1106 1159 Parias.
1133 1104 1193 1172 GP,

178 1180 270 1235 Berol.
289 1178 405 1234 Atridae
419 1197 439 1234 c
492 1179 567 1248 quod
580 1177 702 1247 primum
715 1176 745 1229 in
760 1176 873 1244 Pompei
882 1193 912 1244 p.
928 1180 979 1228 291
995 1176 1087 1230 Bercl.
1108 1191 1198 1243 quam

182 1254 243 1319 (om.
263 1250 395 1320 primum)
416 1252 508 1305 Porc's.
525 1251 553 1304 B

654 1326 725 1385 XXI

553 1428 780 1513 crispisulcans
802 1427 935 1512 igneum
1012 1487 1015 1498 ,

179 1519 317 1584 Fulmen

252 1627 348 1693 Cicero
362 1638 458 1707 Topic.
475 1644 516 1707 16,
531 1643 563 1692 61
585 1639 660 1691 ‘cum
679 1641 775 1692 autem
793 1635 848 1690 erit
866 1635 933 1690 talis
954 1653 1048 1705 causa,
1068 1640 1100 1690 ut
1116 1637 1148 1691 in
1162 1655 1199 1692 ea

180 1727 237 1764 non
256 1709 293 1764 sit
311 1708 452 1764 efficiendi
470 1707 637 1776 necessitas,
656 1706 816 1762 necessaria
834 1706 977 1762 conclusio
995 1724 1052 1762 non
1070 1709 1200 1777 sequitur

242 1784 271 1835 at
294 1798 357 1834 cum
376 1779 411 1834 in
429 1779 545 1835 Aiacis
563 1797 682 1835 nauem
700 1778 898 1850 crispisulcans
916 1777 935 1833 i.
953 1778 972 1834 f.
992 1777 1126 1834 iniectum
1145 1784 1199 1850 est,
1230 1813 1233 1819 ,

179 1853 369 1908 inflammatur
386 1851 468 1906 nauis
486 1851 663 1906 necessario!
693 1850 732 1906 cf.
753 1849 832 1904 Accii
851 1849 923 1905 Olut.
942 1849 976 1904 fr.
990 1850 1017 1903 V

647 1983 733 2042 XXII

151 2134 155 2140 -
181 2087 335 2173 [Martem
358 2086 475 2172 fatigat
496 2085 651 2172 prodigus
665 2080 762 2149 ¹uitae
785 2084 899 2168 furor]

250 2208 361 2263 Servius
380 2206 540 2262 Centimetr.
560 2205 636 2261 GGL.
654 2205 694 2260 IV
707 2211 759 2259 458
778 2205 811 2260 K.
838 2203 1060 2260 ‘Archilochium
1080 2207 1195 2259 constat

178 2280 304 2335 trimetro
329 2279 498 2347 acatalecto,
523 2281 556 2331 ut
578 2280 621 2331 ost
643 2277 708 2332 hoc:
732 2277 867 2330 Martem'
892 2291 915 2329 e.
931 2293 956 2344 q.
972 2293 993 2329 s.
1032 2274 1193 2330 Confictum

179 2368 239 2406 esse
272 2369 288 2406 a
316 2349 411 2405 Servio
440 2348 595 2415 statuitis,
627 2351 703 2402 recte
733 2348 803 2402 vict:
834 2347 868 2400 cf.
897 2347 933 2400 Μ.
958 2345 1066 2400 Hertzii
1096 2363 1193 2417 progr.

179 2422 294 2477 Vratisl.
315 2427 384 2476 1880
401 2439 428 2490 p.
445 2427 478 2474 10
498 2420 593 2474 adnt
614 2419 719 2488 (coroll.
739 2418 863 2486 LXVIII)
921 2469 923 2472 .

636 2551 738 2610 XXIII

184 2653 338 2739 Supremo
364 2654 440 2718 bclli
465 2704 596 2718 .....
619 2652 747 2736 potens!

253 2776 353 2831 Festus
377 2794 405 2845 p.
425 2780 477 2829 305
495 2775 532 2830 Μ.
567 2773 810 2844 ‘supp[remum
836 2772 920 2826 modo
947 2770 1100 2843 significat]
1124 2789 1202 2825 sum-

183 2865 273 2914 mum,
296 2848 328 2900 ut
349 2847 426 2918 [cum
445 2845 515 2900 dicit
530 2889 607 2900 .....
609 2845 620 2916 ]
639 2859 817 2912 suppreme
836 2842 892 2897 bel
907 2885 1200 2899 .................

185 2919 401 2987 ....p0tens.’
441 2916 550 2972 Senarii
568 2915 660 2969 frusta
678 2913 796 2984 agnovit
814 2913 947 2985 Scaliger.

253 3026 334 3093 pater
359 3026 444 3092 atquc
468 3039 607 3077 armorum
630 3023 759 3077 lucrosam
781 3023 869 3090 explet
953 3023 1036 3090 pater
1061 3036 1201 3090 supreme,

183 3093 255 3150 belli
273 3096 301 3148 et
320 3112 460 3149 armorum
477 3113 505 3164 p.
525 3094 647 3163 Scclc'per

641 3225 740 3284 XXIV

129 3347 164 3394 40
654 3327 797 3411 inplorat
819 3325 915 3389 fidem

185 3436 273 3502 Iouis
296 3435 481 3519 hospitalis,
504 3432 618 3498 Graios
641 3433 746 3498 omnis
769 3433 934 3496 conuocat.

255 3556 352 3612 Cicero
381 3571 423 3624 ep.
453 3554 489 3607 ad
513 3553 647 3618 Quintum
672 3553 788 3607 fratrem
806 3552 924 3619 1110,a
954 3551 1059 3605 ‘multa
1087 3551 1146 3604 dixi
1170 3553 1203 3607 in

184 3627 342 3696 ignobilem
360 3642 467 3695 regem,
489 3624 590 3692 quibus
609 3628 686 3678 totus
705 3627 749 3678 est
767 3623 910 3693 explosum
929 3639 984 3690 quc
1003 3639 1104 3692 genere
1123 3640 1203 3678 com-
