2662 3978
179 215 221 279 u
331 187 335 195 ’
592 216 624 282 e.
643 213 780 270 emus

178 392 274 430 mone
292 407 326 416 —-
344 375 413 430 ilem
433 375 502 431 elio
520 375 610 433 loco:
637 375 778 430 Hecter’
799 390 821 428 e.
842 392 868 442 q.
889 391 909 429 s.
947 374 1075 430 Hectoris
1093 375 1190 430 Ludris

179 446 280 514 tribui3
298 445 368 500 item
386 446 418 501 fr.
433 447 480 502 Vl.
499 448 557 504 Vll.

249 552 309 626 qui]
328 572 367 610 au
385 562 458 622 que?
695 569 709 594 ·

660 633 705 692 VI

181 731 294 798 Gre'sse
316 733 424 819 puluis
447 735 562 821 dudm,
586 756 714 799 omnem
736 732 884 818 peruclei
906 731 989 798 caeli
1007 733 1136 798 fretum.

251 855 322 912 Non.
343 861 404 925 205,
419 861 452 911 28
473 856 616 910 ‘fretum
687 854 837 910 masculini
852 855 906 914 ...'
1009 846 1012 852 ’

654 1007 714 1066 VH
826 1013 828 1018 .

181 1157 295 1172 .....
318 1101 357 1172 ui
375 1108 594 1193 patefecerdni
616 1109 749 1195 Bruges.

253 1228 348 1284 Cicero
371 1232 442 1286 orei.
461 1235 508 1300 48,
525 1236 576 1284 160
601 1229 738 1284 ‘Bm-rum
762 1245 870 1299 semper
892 1226 1012 1296 Ennius,
1037 1243 1193 1294 numquam

180 1300 331 1369 Pyrrhum3
359 1299 394 1353 ui
416 1319 444 1370 p.
462 1301 508 1370 Β.,
537 1318 594 1355 non
616 1301 755 1371 Phrygess
784 1300 893 1370 ipsius
917 1298 1053 1367 antiqui
1077 1295 1193 1351 docle-

181 1374 260 1425 rent
281 1370 386 1426 libri?
424 1371 614 1437 Quintilianus
633 1372 646 1426 I
664 1379 694 1441 4,
710 1376 743 1426 15
771 1371 877 1426 ‘sedB
906 1386 1016 1439 quoque
1042 1369 1073 1423 in
1097 1368 1192 1422 locum

182 1441 308 1567 lleilerllln’
335 1441 463 1496 dedimus
495 1441 662 1512 aliquando,
699 1443 774 1498 unde
805 1444 909 1497 Burrus
942 1444 971 1496 ei
1002 1440 1129 1510 Bruges
1163 1442 1194 1493 ei

291 1556 296 1567 ’
647 1592 723 1652 vm

767 1677 881 1742 heheel
901 1715 942 1724 —

183 1762 266 1849 'Ipse
290 1764 410 1849 clipeus
433 1765 556 1830 cecidit.

255 1885 344 1939 Verre
368 1885 402 1939 de
421 1886 439 1941 l.
458 1885 477 1941 l.
495 1886 548 1941 VH
567 1892 601 1941 98
619 1887 657 1941 Μ.
696 1888 796 1941 ‘euex
818 1887 935 1941 uerbum
953 1885 1025 1939 nihil
1044 1885 1193 1955 significet,

184 1955 233 2010 sed
252 1955 392 2011 effutitum
410 1957 578 2012 naturaliter
596 1960 648 2027 esi,
666 1960 699 2012 ui
718 1958 793 2028 apud
811 1956 933 2012 Ennium
948 2001 953 2012 .
966 2001 971 2012 .
983 1958 1001 2013 .'
1030 1957 1193 2026 Anonymus

184 2027 219 2082 de
243 2027 337 2081 dubiis
359 2028 520 2082 nominibus
539 2028 589 2084 GL
608 2029 634 2083 V
652 2047 679 2098 p.
694 2035 747 2083 574
761 2029 793 2084 Κ.
823 2028 984 2098 ‘clipeum
1012 2044 1074 2108 gen.
1098 2044 1193 2097 mesu,

184 2101 217 2154 ui
234 2097 354 2156 Ennius:
374 2099 504 2154 cecidit
522 2099 679 2170 clipeus.’
716 2099 866 2154 Petricolis
885 2099 999 2153 caedem
1017 2116 1047 2151 in
1065 2099 1195 2154 Hectoris

184 2170 267 2224 lutris
294 2171 403 2226 nerreri
430 2171 536 2225 Achilli
563 2171 652 2225 stetui
680 2170 751 2226 conl.
780 2169 894 2226 Homeri
921 2169 952 2225 Π.
976 2169 1041 2224 xvi
1064 2175 1128 2225 803:
1160 2187 1195 2224 ex

186 2242 333 2297 comoedia
352 2243 466 2313 demphe
485 2243 617 2298 videntur
635 2242 668 2296 A.
689 2241 851 2313 Spengelio‚
872 2241 921 2296 sed
940 2241 1091 2296 comoediis
1110 2241 1195 2295 Ennii

184 2329 242 2368 non
260 2333 341 2369 usum
360 2331 420 2370 esse
438 2315 593 2369 Varronem
611 2313 734 2369 invenio.

666 2465 710 2524 IX

132 2582 256 2630 335...
279 2567 372 2628 tueor
394 2566 427 2630 te
449 2567 569 2631 senex?
591 2588 650 2651 pro
674 2564 831 2651 Iuppiter!

256 2685 345 2739 Verre
365 2686 399 2740 de
418 2686 436 2742 l.
455 2687 472 2741 l.
493 2685 545 2741 Vll
560 2694 593 2742 12
608 2688 645 2743 M.
684 2686 791 2742 ‘tueri
810 2685 865 2741 duc
886 2684 1035 2755 significet,
1053 2702 1140 2739 unum
1158 2685 1196 2738 eb

185 2759 302 2837 aspectu
321 2758 354 2837 ui
372 2756 439 2824 dixi,
458 2759 533 2812 unde
552 2761 596 2813 est
613 2758 700 2840 Enni
718 2757 803 2840 illud:
827 2759 922 2839 duecr’
944 2773 967 2812 e.
983 2774 1009 2825 q.
1025 2775 1046 2810 s.
1082 2755 1195 2810 Priemo

184 2826 325 2882 Achillem
342 2845 373 2881 m
392 2828 490 2883 eedem
509 2829 608 2884 fabule
626 2830 719 2883 dicere
737 2845 852 2884 comem.

676 2979 703 3037 X

645 3077 730 3144 Aiax

132 3156 185 3293 332
196 3183 320 3249 Lumen
343 3185 476 3251 iubcme
499 3186 533 3250 in
556 3185 643 3251 caelo
667 3187 786 3251 cerno?

259 3309 348 3362 Verre
363 3307 430 3362 del.
445 3307 463 3362 1.
479 3307 517 3360 VI
532 3314 547 3363 6
562 3308 599 3364 M.
630 3308 673 3363 ‘ui
691 3311 758 3363 ende
777 3307 865 3362 solem
884 3310 983 3376 ortum,
1002 3307 1079 3376 quod
1097 3306 1196 3361 eedem

189 3378 273 3432 stelle
286 3381 404 3433 uocetur
422 3377 534 3449 inber,
554 3379 630 3448 quod
643 3379 744 3434 iubete
759 3379 943 3436 ...Ennius
962 3377 1063 3432 Aiex'
1083 3377 1197 3448 (Ennii

189 3449 275 3503 Aiax
302 3449 446 3504 Vehlenus
478 3449 508 3503 in
536 3450 672 3520 editione,
704 3450 881 3504 Ennianus
908 3448 996 3503 Aiex
1022 3449 1098 3504 idem
1125 3466 1196 3504 mus.

188 3521 277 3576 Rhen.
294 3528 335 3590 16,
351 3527 411 3591 578,
426 3521 510 3576 velde
524 3520 638 3589 quidem
651 3520 855 3590 probabiliter.)
885 3519 1027 3574 ‘lumen'
1042 3537 1065 3574 e.
1081 3538 1106 3588 q.
1122 3538 1143 3576 s.
1158 3523 1197 3590 (e)

188 3592 298 3648 Ibidem
315 3593 354 3648 Vl
373 3599 405 3649 81
425 3593 462 3648 M.
502 3592 617 3646 ‘cerno
640 3592 717 3646 idem
738 3591 828 3646 uslei:
855 3590 952 3658 itaque
974 3608 1025 3661 pro
1048 3590 1132 3646 uideo
1156 3591 1199 3646 eii
1254 3615 1261 3630 ·
