2682 3980
562 211 592 266 L.
610 211 737 266 ACCIVS

610 380 685 438 VIII

145 490 250 555 Multa
274 490 467 554 emittuntur
490 490 620 554 tenditie
643 494 676 554 et
699 490 852 555 soedrdia.

215 621 286 675 Non.
308 625 371 689 181,
387 627 420 674 20
446 619 663 674 ‘tarditudinem
687 624 715 674 et
737 619 918 674 tarditiem
942 637 992 689 pro
1017 620 1153 676 tarditate

146 736 187 747 ...
202 691 303 746 Accius
320 736 342 746 ..
356 737 360 745 .
376 691 451 745 idem
470 690 605 746 Diomede
621 692 673 747 ...’

144 881 175 933 ta
191 807 383 932 &imittuntur
406 809 544 862 Boedinus
566 806 718 861 mittuntur
737 828 757 860 ω
836 806 951 861 tarditie
974 809 1013 862 ed,
1038 813 1153 862 &1475

176 897 190 931 r
234 896 263 932 in
281 900 302 932 ω
1182 917 1184 920 ¹

627 993 670 1050 IX

144 1103 302 1189 Linguem
325 1103 526 1187 praepedior:
550 1103 641 1188 grdte
664 1125 756 1186 puer,
778 1123 818 1166 ne
842 1102 1015 1167 attenderis

143 1209 256 1274 Petere
279 1211 297 1273 ά
320 1232 371 1274 me
394 1209 427 1273 id
451 1209 537 1292 qnod
559 1209 649 1273 nefts
673 1209 715 1273 sit
738 1209 872 1273 concedi
891 1209 961 1273 tibi.
1154 1225 1205 1274 280

214 1339 286 1392 Non.
302 1345 362 1408 238,
378 1345 411 1392 18
433 1339 642 1408 ‘attendere²
662 1340 861 1408 perseuerare)

217 1460 231 1508 1
255 1454 382 1524 linguam
395 1453 562 1524 praepedior
580 1457 681 1510 conieci
704 1454 727 1508 si
745 1471 878 1522 umquam
896 1453 1044 1523 perpedier
1062 1457 1151 1524 (prae-

143 1525 243 1594 pediar
252 1527 375 1595 Montep.
388 1525 505 1596 srpediar
518 1527 602 1582 Rern.
614 1526 651 1594 A)
666 1547 687 1580 ω
703 1525 727 1579 ni
740 1543 873 1593 umquem
886 1525 1028 1594 perpetiar
1039 1526 1152 1582 Grotius

196 1599 276 1666 grate
294 1598 413 1652 Bottins
435 1599 522 1666 ganto
541 1618 563 1651 ω
586 1600 672 1667 gnnte
697 1597 810 1653 Grotiue
870 1595 894 1650 ei
917 1614 1050 1664 umquem
1071 1615 1151 1666 pree-

142 1667 315 1792 pedinrdlnu}
328 1685 430 1737 grener
447 1669 509 1724 Bne
570 1674 586 1722 2
605 1686 662 1722 non
680 1669 723 1723 fas
742 1670 921 1740 Bruqrnanus
981 1668 1101 1722 concede
1121 1669 1156 1724 H

142 1755 226 1792 conee
250 1739 271 1793 't
321 1741 358 1794 W

633 1856 660 1912 X

142 1961 247 2027 Simul
270 1967 378 2028 erirem
402 1963 546 2048 attendo,
568 1968 606 2027 ut
629 1964 755 2049 quirem
779 1965 928 2029 exaudire
951 1965 1096 2048 emplius,

158 2079 166 2091 '
211 2092 283 2147 Non.
299 2099 359 2162 238,
376 2099 408 2147 10
428 2094 626 2148 ‘attendere
645 2097 688 2148 eet
705 2077 851 2148 intendere
868 2095 921 2150 ...'

212 2207 323 2261 attendi
342 2209 460 2263 Bothius
625 2289 668 2346 XI

140 2397 284 2484 Benigne
308 2398 337 2462 ei
360 2421 418 2482 pro
443 2399 600 2500 beneficio
623 2398 705 2484 lengi
728 2402 824 2482 atque
848 2399 1005 2483 dmpliter.

139 2527 281 2667 Plitzden.
298 2533 363 2625 fio,
379 2533 412 2581 25
434 2527 540 2597 ‘largi
559 2544 609 2597 pro
628 2526 732 2598 largire
748 2529 801 2582 ...'
839 2529 917 2582 Idem
931 2533 996 2596 511,
1012 2534 1044 2581 21
1067 2530 1149 2582 ‘am-

210 2714 237 2768 ei
258 2714 422 2771 Gulielmius
441 2717 469 2770 et
487 2736 508 2769 ω
564 2731 636 2782 aque
656 2735 677 2768 ω
692 2733 722 2784 p.
737 2719 789 2767 4⁷0

485 2947 489 2952 -
614 2909 672 2967 im

138 3019 274 3104 (Nune)
293 3022 370 3106 ergo
388 3042 439 3084 me
456 3017 562 3105 Argos
580 3019 725 3104 referam,
743 3041 818 3083 nam
836 3018 889 3083 hie
908 3042 979 3083 sum
998 3020 1148 3106 gnebih's,

137 3125 189 3192 Ne
212 3126 266 3191 eui
286 3148 460 3213 eognoscat
482 3127 569 3190 n6t0.

208 3256 280 3312 Non.
300 3262 366 3326 351,
385 3263 418 3311 28
454 3255 599 3309 ‘nobilis
628 3255 732 3310 dicitnr
759 3258 788 3311 et
814 3258 898 3310 notus
921 3257 1004 3312 ....’
1047 3257 1146 3311 Festus

137 3345 163 3396 p.
180 3332 233 3380 174
246 3328 283 3382 Μ,
323 3327 488 3382 ‘nobilem
510 3326 620 3396 antiqui
642 3344 692 3396 pro
715 3329 783 3381 noto
806 3327 962 3396 ponebant,
986 3330 1015 3381 et
1033 3328 1145 3396 quidem

136 3414 187 3467 per
205 3415 220 3452 c
238 3397 358 3466 literam,
377 3402 409 3452 ut
426 3398 544 3452 Plautus
559 3431 593 3439 -
607 3399 708 3452 Accius
727 3397 757 3451 in
775 3397 909 3452 Diomede
928 3398 990 3470 [1].'

210 3520 223 3566 1
245 3530 310 3584 ergo
329 3513 393 3567 med
411 3531 431 3568 n
488 3514 579 3594 Argos
599 3514 698 3569 Festus
717 3530 784 3582 agro
804 3514 904 3568 BGH
914 3514 1005 3569 Nonii
1023 3529 1104 3583 agros
1124 3533 1146 3581 φ

191 3601 270 3638 suam
288 3585 399 3640 Nonius
452 3584 554 3638 nobilis
574 3606 608 3640 n:
627 3587 661 3654 cf.
683 3585 781 3641 Festus
798 3603 884 3654 supra
