2648 3978
502 241 557 296 CN.
595 241 753 296 NAEVIVS

608 411 651 468 XI

118 512 393 596 Quinquertioues
415 513 530 595 pree'oo
554 511 588 575 in
611 511 753 576 medium
776 510 981 596 <pr6>uooat

189 643 291 696 Festus
309 661 335 712 p.
356 647 407 695 257
421 641 458 694 Μ.
499 640 721 709 ‘quinquertium
732 685 737 697 .
750 684 755 695 .
768 683 775 696 .
787 684 793 696 .
807 639 905 694 Liuius
923 657 1033 709 quoque
1052 640 1129 710 ipsos

118 714 243 769 athletas
271 713 311 767 sio
333 711 474 767 nominat:
503 711 745 781 quinquertiones’
766 728 788 766 e.
809 729 834 779 q.
855 729 875 767 s.
912 711 1017 766 Paulus
1035 731 1061 780 p.
1078 717 1129 766 256

119 785 208 856 ‘ipsos
227 800 339 852 quoque
358 783 481 838 athletas
500 783 597 837 Liuius
616 781 906 852 quinquertiones
926 782 1071 852 appellat'

188 900 338 971 prouocat]
357 901 442 953 uocat
460 900 527 968 eorl,
546 905 637 954 tuetur
655 900 716 954 Bue
733 915 835 968 praeeo
854 900 1026 969 trisyllabum
1039 900 1129 967 (prae-

119 975 200 1040 uooo)
220 973 331 1026 melleus
598 1048 657 1106 ΧΠ

184 1149 289 1215 Varro
319 1149 356 1212 de
383 1145 568 1213 1.1.V113
597 1146 668 1210 ‘nee
695 1147 814 1211 mirum
841 1168 914 1211 oum
941 1168 1006 1211 non
1034 1148 1128 1212 modo

119 1256 361 1342 Epimenides..
373 1254 446 1319 ,sed
459 1253 557 1318 etiam
571 1252 714 1317 Teucer
728 1252 831 1317 Liuii
845 1253 1129 1337 postXVaunos
1143 1297 1155 1336 ᾗ

119 1363 163 1427 ab
187 1363 268 1427 suis
291 1361 356 1446 qui
379 1361 431 1425 sit
454 1358 674 1446 ignoretur!

439 1599 521 1684 ΟΝ.
555 1597 809 1684 NAEVIVS

534 1770 712 1832 Auernus

80 1961 91 1988 ,
121 1967 153 2014 27
178 1890 268 2015 digne
295 1887 374 1944 tituli
401 1887 520 1942 formam
547 1887 704 1943 vindicavit
730 1888 916 1944 Buechelerus
944 1908 1014 1946 mus.
1038 1890 1126 1945 Rhen.

74 1995 78 2002 ·
154 2005 160 2030 ‚
233 2006 238 2017 .

69 2081 72 2088 ’
119 2069 168 2136 Ne'
191 2070 273 2134 mihi
296 2091 406 2156 gerere
430 2070 553 2133 mdrem
575 2069 686 2133 uidear
709 2067 833 2156 lingua,
859 2091 972 2134 uerum
995 2069 1127 2156 lingula.

189 2199 296 2256 Gellius
315 2199 341 2252 X
355 2204 389 2254 25
414 2198 637 2252 ‘admonendum
653 2241 659 2254 .
675 2243 681 2252 .
696 2197 867 2269 lingulam
890 2201 998 2254 ueteres
1022 2198 1127 2254 dixisse

119 2271 274 2340 gladiolum
301 2270 455 2350 oblongum
481 2268 512 2322 in
540 2269 661 2340 speciem
684 2269 798 2339 linguae
820 2269 939 2340 laetum,
967 2269 1046 2324 euius
1069 2287 1127 2325 me-

118 2342 200 2397 minit
227 2341 353 2397 Naeuius
385 2359 416 2394 m
447 2340 594 2410 tragoedia
621 2340 772 2396 Haesiona.
813 2341 931 2395 Versum
958 2340 1050 2394 Naeui
1078 2359 1127 2411 ap-

118 2413 197 2482 posui
214 2457 219 2467 .
236 2457 241 2467 .
258 2415 275 2467 .'
314 2413 403 2467 Varro
434 2412 468 2466 de
496 2411 514 2466 l.
538 2412 627 2466 LVII
647 2418 696 2466 107
716 2412 753 2467 M.
792 2411 899 2465 ‘multa
926 2412 1002 2481 apud
1027 2415 1126 2482 poetas

118 2485 225 2553 reliqua
244 2500 305 2538 esse
324 2483 426 2551 uerba,
446 2499 564 2550 quorum
583 2481 705 2552 origines
723 2482 833 2564 possint
852 2481 920 2550 diei,
941 2499 998 2537 non
1017 2483 1125 2554 dubito,

118 2558 148 2609 ut
170 2555 261 2626 apud
283 2553 452 2609 Naeuium
474 2553 510 2606 in
532 2553 670 2608 Esiona:
694 2569 835 2607 emmuero
854 2553 944 2623 gladii
962 2553 1084 2624 lingula,
1109 2573 1126 2610 a

119 2625 235 2697 lingua?
274 2625 447 2680 Exoiderunt
465 2623 527 2693 ipse
545 2627 647 2694 poetae
665 2624 752 2678 verba
769 2627 835 2693 post
852 2641 954 2679 nomen
970 2624 1093 2681 fabulae.

186 2757 222 2796 ne
240 2739 312 2794 mihi
326 2741 503 2797 Suerdsloeus
518 2741 598 2794 Vlud.
618 2756 706 2810 praec.
722 2739 813 2795 Beutl.
824 2757 854 2810 p.
870 2745 912 2808 60,
929 2741 958 2796 O.
974 2741 1126 2798 Muellerus

120 2811 176 2867 sine
195 2811 267 2866 mihi
286 2833 307 2866 ω
362 2811 483 2866 Martem
502 2811 656 2866 Puluerius

551 2978 691 3037 DANAu

614 3091 629 3150 I

185 3192 330 3262 Leguntur
348 3166 493 3261 uraeterea
512 3190 542 3244 in
560 3189 651 3244 titulis
670 3190 776 3245 formae
795 3192 888 3246 Dana
908 3195 936 3246 et
953 3193 1076 3251 Danea.

119 3298 234 3367 Omnes
257 3301 432 3366 formidant
455 3300 601 3365 homines
625 3299 692 3364 eius
715 3301 898 3366 ualentiam.

185 3432 258 3488 Non
278 3437 338 3502 iso,
353 3436 387 3485 23
408 3429 592 3499 ‘ualentia,
613 3429 771 3485 fortitudo)

185 3546 312 3602 homines
346 3548 455 3603 Vossius
486 3546 607 3600 hominis
636 3568 657 3600 ω
730 3546 789 3600 eius
821 3546 976 3601 nolentiam
1004 3548 1063 3602 FL
1095 3552 1123 3603 et

117 3621 261 3690 (emmor.
280 3618 335 3689 ius)
352 3617 507 3672 ualentiam
526 3618 564 3672 W
