2644 3982
202 202 206 208 .
314 227 363 280 EX
381 221 548 280 INCERTIS
567 203 806 281 INCERTORVM
825 214 976 282 FABVLIS
1085 228 1149 292 283

140 386 309 440 animalibus
332 359 470 441 inanima:
494 386 600 440 ferro'
621 403 690 454 eq.
711 405 732 440 s.
770 386 882 456 Tragici
905 404 1016 442 versum
1034 388 1151 458 agnovit

140 459 279 524 Muretus,
302 461 332 511 et
350 457 419 512 satis
438 458 559 526 quadrat
578 474 611 510 ex
630 456 776 526 Sophoclis
795 457 954 512 Philocteta
972 458 1151 530 Neoptolemi

37 582 41 588 ,
140 529 176 582 de
198 528 308 582 Achille
332 527 439 582 dictum
462 546 488 582 r.
508 534 561 582 334
583 526 723 596 τέθνηκεν
745 529 849 598 ἀνδρὸς
873 530 1001 598 οὐδενὸς,
1028 535 1100 585 θεοῦ
1120 530 1148 585 δ’

139 599 195 654 bero
205 621 229 654 κ.
240 620 263 654 τ.
274 602 306 668 h,
321 602 353 653 ut
369 599 404 653 ad
415 599 493 652 Accii
502 599 693 653 Philoctetam
705 600 776 653 haec
788 599 976 669 probabiliter
985 602 1149 656 referantur.

153 765 155 769 ,
210 706 304 760 ferron
327 723 365 760 an
387 706 449 760 fato
471 707 533 760 Boe
556 707 628 759 ferro
653 723 689 759 an
712 705 771 759 fato
793 706 890 761 Bomb.
915 706 988 760 ferro
1010 724 1067 761 non
1090 709 1149 763 fato

60 779 62 782 ’
140 777 262 832 Ambros.
279 778 390 832 Monac.
406 779 504 833 Bacch.
519 795 554 832 m.
570 784 586 830 2
604 776 679 838 ferro
697 793 769 830 anne
787 777 847 831 fato
863 777 991 834 Muretus
1006 778 1075 846 fato,
1094 796 1151 833 non

139 849 211 903 ferro
240 851 416 916 adfirmative
443 851 578 904 semtemtio
605 851 670 902 olim
696 850 841 904 edideram.
899 865 1023 902 emoerus
1051 851 1149 906 Baocb.

139 926 204 975 m.2
225 919 288 974 enio
308 919 367 974 eius
387 920 499 974 Momoc.
567 937 666 989 argum
684 919 807 974 Ambros.

580 1069 707 1128 XXXVI

138 1169 261 1235 Tetuh‘t
284 1171 393 1234 senilis
416 1170 517 1234 Poeas
541 1171 580 1234 ad
604 1155 726 1234 eaeldm
750 1193 872 1234 manus.
1152 1191 1184 1240 το

212 1291 328 1360 Pompei
347 1295 534 1346 commentum
549 1278 625 1346 cat.
640 1292 666 1346 V
679 1311 705 1361 p.
722 1281 772 1346 296
787 1292 819 1346 Κ.
841 1293 961 1362 ‘figurae
980 1293 1051 1347 fiunt
1065 1309 1150 1346 causa

141 1366 313 1432 ornatus...
328 1365 411 1431 puta:
437 1361 561 1417 tetulit
576 1407 581 1416 .
594 1407 599 1419 .
612 1407 617 1416 .
631 1380 759 1418 manus.
797 1363 921 1417 tetulit
943 1380 994 1433 pro
1018 1380 1050 1418 eo
1073 1364 1149 1432 quod

141 1437 185 1487 est
206 1433 281 1487 tulit.
311 1434 408 1487 stabat
430 1432 479 1487 ille
502 1449 598 1487 uersus
623 1451 659 1488 an
680 1443 755 1490 non?
783 1435 807 1488 si
829 1434 924 1504 potuit
946 1437 1021 1489 stare
1044 1451 1149 1503 uersus,

139 1507 222 1574 puta:
246 1503 387 1559 tulit...
403 1521 533 1572 manus,
557 1508 586 1558 et
608 1504 657 1559 ille
675 1505 776 1559 maluit
795 1505 887 1560 dicere
905 1505 1028 1560 tetulit
1046 1523 1096 1575 pro
1116 1523 1148 1561 eo

142 1576 217 1645 quod
240 1579 284 1630 est
306 1574 385 1643 tulit,
408 1576 527 1646 figuram
549 1575 629 1643 fecit,
653 1577 682 1629 id
706 1580 749 1630 est
772 1577 904 1632 schema!
942 1577 1085 1632 Consentii
1104 1595 1149 1631 ars

140 1646 211 1701 ibid.
231 1666 257 1716 p.
273 1651 324 1701 387
345 1647 499 1716 ‘prothesis
519 1650 562 1700 est
580 1648 720 1716 syllabae:
739 1647 863 1702 tetulit
878 1693 882 1704 .
896 1693 918 1704 ..
933 1660 1057 1704 manus.
1077 1649 1150 1702 dixit

140 1718 215 1772 enim
239 1717 363 1772 tetulit
380 1728 430 1787 pro
450 1735 483 1772 eo
502 1719 577 1787 quod
596 1722 640 1772 est
656 1718 743 1774 tulit'
781 1718 860 1774 Accii
878 1719 1034 1774 Heraclidis
1053 1720 1148 1775 tribui.

211 1823 293 1877 senili
311 1825 403 1879 Pam's
424 1824 539 1878 Osinili
557 1827 647 1880 Berol.
668 1825 780 1894 Pompei
832 1827 921 1880 Poeas
940 1827 1150 1882 Limdemmmus
1241 1849 1242 1853 ¹

106 1943 109 1949 .
138 1897 238 1964 poetas
263 1895 353 1949 Paris.
375 1895 505 1950 GBerol.
527 1899 613 1964 poeta
635 1897 739 1951 Parias.
759 1897 820 1950 BP
840 1899 927 1966 (imfra
949 1899 1047 1966 poetas
1067 1898 1148 1952 Pam.

138 1967 196 2020 Bc
208 1966 315 2034 Berol.)
334 1965 447 2034 Pompei
464 1966 553 2020 hostis
574 1967 733 2022 Oomsemte'ms
764 1981 766 1986 ·

571 2099 712 2156 XXXVII

138 2197 306 2263 Noctdrno
331 2197 419 2262 aditu
443 2199 567 2262 occulta
590 2199 740 2263 coluntur

185 2302 394 2368 siluestribus
417 2304 565 2388 saepibus
589 2304 693 2368 densa.
789 2365 792 2372 .

210 2423 306 2479 Cicero
321 2424 355 2477 de
369 2427 427 2478 nat.
443 2425 517 2479 deor.
532 2426 602 2492 142,
620 2431 669 2478 119
686 2425 796 2480 ‘omitto
810 2424 987 2480 Eleusinem.
1035 2425 1148 2498 [XXVI]

139 2499 285 2566 praetereo
298 2495 523 2551 Samothraciam
537 2513 626 2564 eaque
640 2513 712 2564 quae
725 2496 842 2550 Lemni
855 2499 1038 2551 nocturno’
1055 2514 1078 2552 e.
1088 2515 1114 2566 q.
1126 2516 1147 2552 s.

140 2567 252 2637 ‘quibus
267 2565 415 2636 explicatis
430 2567 466 2620 ad
480 2567 674 2636 rationemque
687 2566 827 2622 reuocatis
840 2584 933 2621 rerum
946 2567 1036 2638 magis
1046 2571 1148 2623 natura
1201 2585 1203 2590 ·

139 2638 318 2709 cognoscitur
337 2654 426 2706 ,quam
449 2638 583 2692 deorum)
622 2638 700 2692 Accii
718 2638 894 2693 Philoctetae
912 2641 977 2707 post
994 2657 1020 2693 v.
1036 2645 1087 2694 528
1105 2638 1148 2692 in-

140 2711 257 2764 serenda
276 2726 336 2764 esse
354 2709 486 2768 viderunt
504 2709 532 2764 O.
553 2709 634 2764 Beier
652 2713 681 2764 et
699 2709 731 2764 G,
751 2709 935 2763 Hermannus.

565 2842 722 2900 XXXVIII

135 2941 268 3008 'Adsum
297 2948 394 3028 atque
423 2942 558 3007 aduenio
581 2941 774 3007 'Acherunte
802 2942 859 3006 uix
885 2943 940 3007 uia
965 2943 1030 3007 alta
1053 2948 1148 3029 atque

773 3050 885 3134 ardua,

135 3156 198 3220 Per
220 3156 388 3238 speluncas
411 3156 498 3220 saxis
521 3159 659 3219 structas
682 3156 802 3240 asperis
824 3157 1038 3239 pendentibus

135 3261 311 3344 Maxumis,
333 3261 391 3325 ubi
413 3260 519 3348 rigida
542 3265 668 3326 constat
690 3263 797 3327 ora‘ssa
820 3263 923 3349 caligo
947 3263 1095 3328 inferum.
1152 3283 1183 3330 75

206 3381 355 3436 XXXVIII.
374 3379 490 3436 XXXIX
514 3381 609 3437 Cicero
633 3382 714 3436 Tusc,
738 3382 809 3452 disp.
827 3383 950 3451 116,37
979 3383 1024 3436 ‘in
1046 3386 1149 3437 terram

136 3454 211 3509 enim
230 3451 396 3506 cadentibus
415 3453 579 3522 corporibus
597 3451 694 3522 eisque
713 3454 797 3508 humo
816 3453 912 3522 tectis,
934 3469 949 3507 e
968 3471 1023 3521 quo
1042 3453 1149 3508 dictum

136 3529 180 3581 est
206 3522 353 3590 humari,
382 3523 433 3577 sub
458 3527 534 3578 terra
557 3526 711 3579 censebant
733 3524 871 3592 reliquam
893 3523 982 3577 uitam
1008 3524 1054 3594 agi
1077 3542 1149 3579 mor-

135 3599 254 3651 tuorum.
282 3612 367 3663 quam
386 3610 482 3648 eorum
499 3594 661 3665 opinionem
678 3594 774 3666 magni
793 3611 898 3650 errores
918 3594 1060 3650 consecuti
1074 3601 1148 3667 sunt,
