2644 3982
464 263 590 318 ACCIVS
626 262 837 319 POMPONIVS
1088 263 1152 327 331

632 430 661 488 V

571 531 721 597 Lucretia

139 639 244 706 Nocte
266 639 460 723 intempesta
481 639 627 702 nostram
650 638 780 703 deuenit
804 639 944 704 domum.

209 761 299 814 Varro
323 761 357 813 de
380 759 399 813 l.
422 759 441 814 1.
460 759 534 813 vlu
564 759 655 814 ‘inter
681 759 895 841 uesperuginem
918 762 947 814 et
970 761 1053 815 iubar
1076 762 1153 816 dicta

138 849 203 886 nox
216 831 438 901 intempesta,
453 833 486 885 ut
498 830 529 884 in
542 831 630 884 Bruto
641 831 753 885 Cassii
770 832 859 900 quod
873 831 963 886 dicit
976 832 1151 888 Lucretia:

138 904 236 957 nocte’
261 919 284 958 e.
304 921 330 970 q.
351 921 371 957 s.
407 901 516 955 Ibidem
534 901 586 954 VlI
606 907 638 955 72
669 903 758 956 ‘nuno
786 904 820 956 de
848 902 1021 972 temporibus
1050 903 1149 958 dicam.

140 974 221 1039 Quod
249 977 292 1028 est
320 974 394 1043 apud
423 972 589 1028 Cassium:
617 975 715 1027 nocte’
739 990 761 1028 e.
781 992 807 1041 q.
828 991 848 1028 s.
884 973 1069 1043 ‘intempesta
1095 992 1152 1028 nox

139 1045 217 1099 diota
240 1045 276 1099 ab
300 1047 481 1114 tempestato,
504 1046 658 1113 tempestas
682 1045 718 1098 ab
741 1047 880 1113 tempore,
904 1062 960 1099 nox
980 1045 1151 1115 intempesta

138 1133 194 1184 quo
208 1118 334 1185 tempore
347 1115 420 1168 nihil
435 1115 548 1186 agitur!
576 1115 683 1184 (Accii
697 1132 799 1170 nomen
812 1116 1004 1184 reponendum
1017 1117 1153 1171 censebat

138 1187 293 1256 Victorius,
316 1186 409 1240 minus
428 1189 503 1240 recte
521 1203 691 1256 praenomen
711 1186 770 1241 Cai
788 1189 949 1242 statuerunt
968 1187 1103 1242 Canterus
1123 1192 1152 1245 et

138 1257 305 1328 Turnebus.)
342 1257 382 1312 Cf.
402 1257 467 1313 hist.
488 1261 559 1327 trag.
576 1263 635 1312 591.

306 1484 350 1570 P.
383 1480 680 1568 POMPONIVS
714 1481 981 1570 SECVNDVS

564 1656 725 1716 AENEAS

137 1740 190 1804 Ex
212 1740 334 1805 humile
357 1762 475 1827 regem.

210 1861 351 1916 Charisius
369 1881 396 1931 p.
413 1868 463 1915 107
478 1862 508 1916 P.
547 1862 691 1931 {humile
710 1863 745 1917 de
763 1861 877 1916 homine
895 1861 1000 1931 aliquo,
1020 1865 1052 1916 ut
1070 1862 1152 1916 Pom-

136 1931 238 2002 ponius
262 1932 406 1986 Secundus
433 1932 463 1985 in
486 1935 582 1986 Aenea
602 1933 774 1988 ...humili
800 1932 942 2002 ablatiuo‚
972 1933 996 1986 si
1019 1950 1063 1988 res
1087 1935 1149 1987 est’

136 2003 262 2074 (Aenea
285 2004 346 2057 cod.
371 2019 475 2056 coena
499 2004 541 2056 cd.
565 2022 607 2072 pr.
631 2003 745 2058 Caena
767 2003 937 2071 Putschius.)
973 2004 1049 2057 lutor
1069 2021 1150 2073 prae-

137 2076 263 2128 textatas
281 2073 457 2128 referendam
475 2089 535 2127 esse
554 2077 629 2128 recte
648 2074 758 2128 monuit
775 2073 813 2128 M.
832 2073 971 2129 Hertzius.

208 2196 304 2249 regem
322 2181 459 2251 Berpkios
476 2196 542 2249 rege
560 2182 618 2236 cod.

174 2275 177 2280 ¹
209 2287 252 2340 Ex
269 2286 387 2357 prologo
406 2285 619 2356 Amphitruonis
638 2301 734 2340 versus
749 2291 782 2340 41
794 2304 834 2355 sq.

245 2376 399 2444 namquid
418 2392 470 2444 ego
489 2391 641 2429 memorem
659 2407 693 2414 -
711 2377 744 2429 ut
763 2375 835 2429 alios
854 2375 888 2429 in
907 2375 1101 2445 tragoediis

244 2446 325 2516 Vidi,
343 2446 538 2516 Neptunum
556 2447 728 2500 Virtutem
747 2445 939 2501 Victoriam

245 2517 389 2571 Marte‘m
407 2518 598 2588 Bellonam,
618 2520 877 2572 commemorare
896 2520 983 2587 quae
1001 2519 1091 2572 bona

229 2589 351 2643 ·Vobis
370 2589 590 2643 fecissent-
615 2605 637 2642 e.
658 2607 683 2657 q.
704 2607 725 2643 s.

137 2683 285 2748 praeterea
299 2677 329 2732 in
342 2677 524 2747 Captivorum
537 2677 654 2748 prologo
669 2696 694 2732 v.
709 2683 742 2732 60
751 2695 783 2745 sq
805 2721 810 2731 .
825 2677 975 2747 repudiata
988 2677 1151 2732 comoediae

138 2751 285 2820 proelia,
308 2749 377 2804 item
400 2749 430 2802 in
453 2749 593 2804 Ciceronis
617 2749 654 2802 ad
676 2748 764 2804 famil.
846 2755 905 2819 1‚2
930 2748 1052 2818 epistula
1076 2765 1151 2803 oom-

138 2824 324 2876 memoratam
349 2820 529 2890 peditatus
558 2824 591 2875 et
618 2819 795 2889 equitatus
824 2820 859 2873 in
886 2819 1008 2889 aliqua
1035 2837 1150 2890 pugna

138 2893 269 2947 variam
297 2895 516 2960 armaturam,
547 2891 668 2960 denique
695 2890 887 2960 triumphos
915 2890 1027 2945 Horatii
1055 2894 1150 2946 aetate

138 2963 230 3033 (epist.
245 2964 270 3017 Π
285 2970 313 3031 1,
329 2969 380 3018 189
391 2965 462 3033 sqq.)
485 2962 515 3016 in
539 2979 641 3016 scaena
664 2963 820 3017 celebratos
839 2962 995 3016 Ladevicus
1015 2963 1053 3016 ad
1069 2979 1151 3032 prae-

138 3037 263 3090 textatas
281 3034 394 3089 fabulas
412 3033 532 3090 rettulit.
