2648 3978
213 197 255 260 14
594 198 648 253 ΟΝ.
668 197 828 251 NAEVIVS

247 374 350 425 aquam
369 356 497 412 creterris
517 373 624 412 sumere
643 373 677 412 ex
696 356 785 428 fonte]
801 356 928 410 creterris
943 372 1051 411 sumere
1066 373 1169 425 aquam
1183 373 1218 411 cx

209 431 295 497 ponte
310 450 331 482 ω
346 447 376 498 p.
393 433 452 496 547,
471 430 528 483 cisi
541 431 613 499 quod
625 428 703 482 fonte
718 429 752 481 H
754 428 782 480 P
798 429 897 496 sponte
910 428 1001 508 13αῷ1
1016 445 1036 482 s.
1052 445 1077 482 a.
1093 445 1127 482 ex
1139 428 1218 482 fonte

210 520 231 552 ω
247 517 276 568 p.
292 504 326 553 84
381 499 553 568 Aaapaestos
570 517 637 554 nam
650 503 683 580 ut
696 499 792 553 ludere
806 497 940 551 laetantis
954 501 1028 552 mter
1042 514 1071 553 se
1086 499 1217 580 uiuimus,

209 573 515 697 utnggteyeBtmnem
541 573 545 640 ι
570 573 698 625 creterns
722 585 829 623 sumere
853 585 956 637 aquam
980 571 1013 623 ex
1036 569 1125 624 fontc1
1148 587 1217 626 corn·

208 659 248 696 me
306 658 333 695 cc
391 659 425 696 ae

660 773 762 832 XVIH

207 874 307 939 Psillis
329 875 468 962 patagir's
491 875 627 941 crocotis
649 874 781 938 malacia
803 872 1018 938 mortuaiibus

277 996 349 1051 Non.
370 1002 470 1065 540‚5
500 997 508 1023 ‘
539 995 708 1065 atagium‚
737 1010 837 1048 aureus
865 993 974 1063 clauus,
1008 993 1057 1062 qui
1082 993 1214 1063 pretiosis

207 1067 333 1122 uestibus
355 1067 462 1122 inmitti
481 1015 568 1123 coiit.
582 1111 587 1121 .
599 1069 616 1121 .’
655 1066 732 1120 Idem
751 1072 817 1134 548,
833 1071 866 1120 26
887 1065 1034 1119 ‘caltulam
1053 1067 1082 1118 et
1100 1081 1216 1119 croco-

206 1138 326 1265 ξιιέἑιοιὲὀ
350 1142 498 1237 utrumque
522 1155 540 1192 a
563 1138 713 1208 generibus
732 1136 832 1190 florum
850 1136 1033 1205 translatum,
1056 1152 1074 1189 a
1092 1136 1167 1190 calta
1186 1139 1216 1190 et

277 1315 386 1369 malicis
405 1316 444 1369 W
454 1335 483 1386 p.
499 1320 551 1370 540
574 1314 701 1369 malaciis
721 1315 768 1369 Ba
793 1313 919 1367 malatiis
938 1334 960 1382 φ
975 1331 1005 1382 p.
1026 1318 1076 1368 548
1095 1312 1213 1367 manicis
1308 1299 1309 1332 ³

206 1387 361 1528 {lema}
381 1392 434 1440 540
505 1385 671 1441 mortalibus
695 1407 716 1439 ω
736 1404 765 1454 p.
786 1390 837 1439 548
908 1383 1036 1439 malaoiis
1062 1383 1214 1438 monilibus

676 1571 746 1628 XIX

207 1673 295 1757 <sio>
318 1673 386 1737 sine
409 1672 493 1737 ferro
517 1674 617 1756 pecua
639 1671 788 1735 manibus
806 1671 938 1756 <sueta>
956 1675 994 1735 ut
1016 1672 1056 1735 ad
1078 1672 1216 1736 mortem

1002 1781 1118 1842 meant.

277 1898 350 1954 Non.
374 1904 473 1966 159‚7
507 1900 629 1968 ‘pecua
656 1901 685 1952 et
712 1899 821 1967 pecuda
848 1897 890 1952 ita
917 1901 949 1952 ut
973 1913 1074 1968 pecora
1102 1899 1212 1952 ueteres

207 1969 343 2024 dixerunt.
371 1969 478 2024 Neuius
494 1969 626 2025 ...idem
639 1969 779 2038 Lycurgo:
799 1969 859 2023 sine
873 1969 946 2023 ferro
964 1985 1090 2038 pecora
1106 1968 1212 2023 mani-

206 2041 267 2096 bus
294 2044 327 2094 ut
355 2041 391 2095 ad
418 2060 454 2096 m.
477 2059 513 2096 m.
537 2039 639 2094 Accius
662 2040 847 2109 Astyanacte:
876 2040 906 2092 in
935 2039 1016 2094 celsis
1039 2039 1212 2094 montibus

206 2129 313 2182 peona
331 2116 417 2180 atquc
435 2112 509 2166 inter
528 2110 612 2166 colles
631 2111 765 2180 pascunt’
788 2127 810 2165 e.
831 2128 857 2178 q.
878 2128 898 2164 s.

276 2235 366 2288 pecua
380 2219 520 2274 Macetae
536 2233 638 2287 pecora
648 2239 669 2272 ω
720 2219 868 2271 mansueta
883 2216 969 2271 adm.
985 2235 1020 2270 m.
1035 2219 1144 2273 secono
1154 2219 1214 2273 Boe

681 2405 736 2462 XX

153 2521 187 2570 45
207 2557 214 2570 .
233 2510 270 2570 ut
292 2504 419 2569 uideam
441 2504 577 2570 Volcani
602 2528 698 2590 opera
719 2505 798 2569 haec
820 2504 958 2568 fiammis
980 2504 1062 2569 flora
1083 2503 1156 2568 fieri

276 2625 348 2681 Non.
365 2630 424 2695 109,
441 2632 473 2680 25
495 2625 625 2681 ‘flora'.

276 2734 459 2813 septenarium
471 2734 590 2815 ‘capuae
611 2734 839 2816 transpoocadm
853 2732 923 2816 haec
947 2735 980 2787 ut
1002 2731 1116 2817 uideam
1134 2732 1167 2786 V.
1178 2748 1213 2815 Ιο.

206 2802 611 2944 ferfiueiffigiorhapgrkmcamtwcm
624 2811 794 2859 octorwrrcm
808 2804 948 2860 damaetam
965 2804 1077 2871 Ocreae,
1092 2820 1124 2857 m
1137 2811 1214 2858 eata
1307 2857 1308 2866 ,

676 2989 745 3046 XXI

205 3089 343 3155 Proinde
366 3089 429 3155 huc
452 3088 596 3174 Dryante
618 3093 726 3177 regem
750 3093 944 3177 prognatum
965 3093 1071 3174 patre,

206 3196 389 3283 Lycurgum
413 3198 508 3261 cette!

238 3389 256 3442 d
275 3318 346 3416 Xon.
362 3324 405 3386 84,
420 3324 453 3372 32
477 3318 584 3373 ‘cette
603 3317 744 3388 significat
763 3317 848 3372 dicite
867 3316 912 3371 nel
931 3316 1006 3386 date,
1026 3316 1063 3370 ab
1083 3332 1115 3371 eo
1136 3315 1213 3384 quod

206 3405 236 3444 oe
258 3406 282 3444 o.

275 3495 392 3565 proinde
415 3496 470 3549 huc
492 3495 628 3566 Dryante]
650 3494 732 3564 proin
751 3494 920 3549 dustriantte
941 3515 961 3549 ω
987 3493 1069 3563 proin
1087 3495 1214 3565 Dryante

205 3567 310 3623 Jcaiua
363 3570 473 3636 patrem
491 3568 530 3622 W
