2648 3978
192 214 235 280 48
604 211 636 277 Q·
655 209 792 265 ENNTVS

193 377 320 430 seruant:
338 373 413 427 Iouis
427 374 552 428 Rodios
605 378 622 426 2
640 387 752 426 momen
769 371 824 425 Aa.
839 371 1026 442 Kieosls'noiss
1043 371 1205 426 dubitumer

193 446 288 500 lumen
302 445 481 500 Heinnohiss
528 443 630 498 beluae
644 443 823 497 Humum
875 447 999 496 3uoeuu
1012 441 1206 497 chkoimus

192 532 275 570 nemo
294 516 388 571 θέσαν
405 517 450 583 (cf.
468 516 559 572 coron.
578 514 705 582 XXVIII)
721 530 780 568 uon
798 514 928 568 Donatus
981 515 1091 582 spectat
1110 513 1205 568 Oioero

193 587 274 641 uidet
291 587 421 642 Donatus
482 586 559 654 quod
574 602 626 655 pro
643 584 778 654 podibust
794 601 829 638 ex
847 584 977 638 Misses'o
994 602 1015 638 ν
1073 583 1104 636 in
1122 583 1204 638 caelo

194 658 263 727 quid
276 658 309 712 fit
322 656 527 712 obseruafionis
537 657 762 712 Gom-nomon
776 654 893 723 aliquod
901 654 1061 709 beluarum:
1076 654 1158 720 Quod
1168 687 1203 694 —

193 745 275 784 nemo
295 747 349 799 sp„
368 746 391 782 o.
410 731 570 784 scrutantur
587 727 625 797 pI
646 729 784 782 Volusenus
800 728 859 781 ind.
880 731 949 782 1878
964 744 995 796 p.
1010 733 1090 796 osqq.

677 957 721 1016 IX

613 1075 629 1140 I
678 1077 685 1089 '
729 1076 783 1140 nia

193 1181 409 1249 Acherontem
433 1182 544 1269 obibo,
566 1075 761 1248 ubipsiildietis
784 1183 927 1248 thesauri
950 1183 1110 1247 obiacent.

265 1322 364 1376 Festus
382 1341 409 1404 p.
429 1322 631 1404 201II3‘0b
659 1322 875 1404 praepositione.
896 1322 1029 1403 antiquos
1053 1339 1119 1378 usos
1143 1339 1206 1377 osse

194 1410 245 1463 pro
264 1393 305 1448 ad
323 1396 404 1447 testu
423 1397 467 1448 ost
485 1394 592 1464 Enmus
611 1427 645 1435 -
666 1427 699 1436 —
718 1397 748 1449 et
765 1395 796 1448 in
813 1394 961 1465 Iphigemo
977 1438 983 1447 .
1000 1438 1005 1447 .
1022 1395 1039 1447 .’
1070 1394 1104 1448 cf.
1124 1394 1207 1448 Euri-

195 1463 270 1534 pidis
289 1482 315 1518 s.
336 1470 416 1520 1375:
435 1470 593 1522 κατθανεῖν
611 1465 663 1537 μέν
681 1486 728 1538 μοι
747 1464 878 1521 δέδοκται
895 1485 921 1520 κ.
935 1484 958 1520 τ.
973 1468 996 1518 λ.

267 1588 352 1643 obibo
370 1589 479 1645 Aldina
497 1589 583 1645 adibo
602 1593 659 1648 cod.
722 1590 854 1645 obiacent
871 1590 979 1645 Aldisso
997 1589 1130 1644 adiacent
1148 1593 1209 1646 cod.

688 1804 715 1860 X

287 1919 397 1986 Oiooro
430 1921 522 1987 Tuso.
555 1922 633 2006 disp.
657 1920 673 1986 Ι
696 1922 738 1986 48
744 1973 753 2007 ,
774 1922 837 1988 116
871 1921 1057 2008 ‘Iphigenia
1090 1921 1209 1988 Aulide

197 2027 283 2093 duoi
297 2051 335 2094 se
349 2028 617 2094 immolandam
631 2028 731 2114 iubet,
744 2033 781 2092 ut
794 2028 980 2093 hostium'
994 2026 1051 2115 (so.
1062 2027 1210 2118 sanguis)

198 2134 395 2200 ‘eliciatur
417 2135 506 2201 suo?

144 2269 196 2320 204
268 2257 349 2313 Vnde
367 2255 504 2326 Borgkius
524 2254 665 2312 senarium

357 2381 396 2436 Vt
414 2379 537 2436 hostium
555 2379 685 2434 olioidtur
704 2378 818 2450 sanguis
838 2379 974 2449 sunguine

198 2501 304 2572 effecit,
328 2519 411 2571 quem
434 2522 497 2558 oum
519 2504 552 2559 fr.
571 2503 609 2557 IX
632 2503 764 2573 coniungi
787 2502 878 2558 iussit.
915 2504 958 2557 Ex
975 2503 1135 2574 Euripidois
1154 2505 1211 2560 huo

197 2573 340 2700 pfflegst
358 2593 383 2630 v.
404 2581 486 2631 147⁶:
514 2573 596 2645 ἄγετέ
618 2595 651 2645 με
673 2575 727 2630 τὰν
746 2572 831 2630 Ἰλίου
855 2576 903 2629 καὶ
927 2579 1044 2646 Φρυγῶν
1067 2573 1211 2632 ἑλέπτολιν

200 2660 214 2698 e
332 2663 371 2714 sq.

683 2795 725 2853 XI

147 2933 215 2982 203.
236 2966 242 2980 .
262 2965 268 2978 .
288 2966 295 2978 .
320 2916 400 2999 quad
422 2936 507 2980 nuno
529 2915 587 2979 obs
605 2918 637 2979 to
655 2913 771 2980 uiduae
791 2917 823 2978 ot
841 2919 950 2979 uastae
968 2914 1113 3002 uirgines
1133 2922 1210 2982 sunt

272 3051 382 3108 Servius
405 3053 484 3109 Fuld.
508 3053 539 3108 in
560 3055 628 3109 Aen.
648 3055 709 3110 152
735 3055 850 3108 ‘uasto
874 3071 924 3123 pro
948 3054 1076 3110 desolato
1099 3059 1210 3111 ueteres

200 3123 352 3250 ffissffi.
380 3124 485 3180 Ennius
499 3125 617 3196 Ifigouia
628 3170 633 3180 .
645 3170 651 3180 .
663 3127 680 3180 .’
711 3125 751 3182 cf.
766 3124 908 3195 Euripidis
923 3143 948 3180 v.
962 3131 1032 3180 1336
1043 3145 1082 3195 sq.
1101 3127 1211 3182 Helena

270 3321 409 3376 senorium
431 3336 504 3388 quae
526 3338 600 3375 nuno
623 3324 689 3376 sunt
711 3321 762 3376 abs
785 3323 814 3375 te
838 3319 941 3376 uiduae
964 3323 1064 3376 uastae
1085 3321 1211 3392 uirgines
1314 3329 1315 3360 ³

197 3391 331 3461 proposui
349 3392 438 3447 coroll.
458 3391 548 3445 XXIX

271 3515 316 3569 Ad
335 3515 453 3571 eandem
470 3514 599 3570 fabulum
616 3516 713 3570 rettuli
732 3516 786 3570 iuo.
801 3532 875 3571 nom.
889 3515 1092 3571 XXII-XXIV
1109 3518 1138 3570 et
1155 3516 1212 3572 ino.

201 3586 254 3674 iuo.
274 3587 331 3644 fab.
351 3587 396 3643 XI.
416 3587 488 3644 XIII.
