2662 3978
547 195 548 198 ‘
600 213 637 268 u.
657 213 836 269 Pscvvrvs

490 399 547 458 EX*
566 398 753 460 HIOHRTIS
776 400 947 460 FABVLIS

710 525 726 582 I

609 624 726 690 Pastor

215 729 340 795 uxoreo
364 731 489 816 iubere,
511 733 617 797 noctis
641 731 772 796 decurso
795 731 911 796 itinere

287 851 375 906 Varro
394 853 429 906 de
447 852 465 906 l.
481 853 499 908 l.
515 853 554 908 VI
568 859 584 907 6
598 853 635 907 Μ.
657 855 704 906 ‘ut
723 855 789 906 ante
807 853 895 907 solem
916 855 1015 922 ortum,
1035 854 1111 922 qnod
1129 855 1231 910 eudem

216 922 300 976 stelle
318 926 436 978 uocetur
454 923 566 993 iubar,
592 926 668 992 quod
686 924 798 992 iubete,
821 924 925 978 Peeui
949 925 1019 979 dicit
1036 926 1156 994 postor
1171 972 1176 982 .
1189 971 1194 980 .
1208 928 1227 980 .’

215 993 324 1048 Ibidem
341 995 393 1048 VH
412 1001 446 1049 76
460 995 497 1050 Μ.
536 995 651 1050 ‘iubur
667 1041 672 1051 .
689 1039 693 1050 .
711 995 815 1050 ,huius
844 999 921 1050 ortus
949 995 1091 1066 significet
1117 996 1232 1052 circiter

216 1081 277 1119 esse
304 1069 458 1120 extremam
480 1069 604 1136 noctem3
631 1067 729 1136 itaque
754 1066 795 1120 eit
816 1066 950 1122 Pecuius:
980 1068 1091 1122 exorto’
1117 1085 1139 1123 e.
1160 1087 1186 1137 q.
1206 1087 1230 1124 s.

216 1136 357 1206 Antiopae
377 1137 495 1192 erordio¹
511 1139 690 1207 desumptum
707 1137 827 1192 videtur.

702 1271 733 1328 H

215 1369 288 1436 'Odi
305 1392 366 1456 ego
385 1370 532 1436 homines
550 1371 669 1456 ignaue
688 1393 785 1456 opere
803 1375 835 1435 et
853 1371 1048 1457 philosopha
1061 1375 1230 1439 sententie.

288 1490 395 1545 Gellius
414 1491 479 1544 XIII
498 1498 514 1546 8
539 1491 623 1546 ‘item
645 1509 742 1546 uersus
766 1494 809 1545 est
827 1491 857 1544 in
876 1493 994 1547 eandem
1011 1494 1098 1548 ferme
1117 1498 1231 1549 senten-

215 1561 286 1616 tiam
303 1561 429 1630 Pacuuii,
448 1579 531 1630 quem
548 1563 666 1616 Macedo
684 1562 877 1632 philosophus,
897 1563 940 1617 uir
958 1565 1057 1635 bonus,
1078 1566 1230 1620 familiaris

215 1649 302 1702 meus,
317 1633 402 1687 scribi
416 1633 517 1688 debere
532 1634 664 1688 censebat
677 1651 727 1714 pro
741 1633 849 1688 foribus
865 1635 988 1689 omnium
997 1637 1166 1707 templorum
1177 1681 1182 1692 .
1193 1681 1198 1692 .
1210 1640 1229 1693 .'

215 1704 280 1758 Non
299 1703 448 1758 abhorrere
467 1705 557 1759 eSeti
575 1705 605 1758 in
619 1705 743 1775 Antiopa
755 1723 881 1775 persone
898 1707 1010 1762 monuit
1022 1707 1229 1762 Valckenarius

215 1774 335 1830 Distrib.
363 1794 390 1845 p.
416 1781 458 1831 77.
496 1775 675 1846 Comperevit
700 1777 864 1846 Hertungus
892 1777 957 1833 Eur.
985 1782 1050 1833 rest.
1068 1779 1166 1832 11420
1193 1780 1228 1836 fr.

216 1846 280 1900 Eur.
300 1852 333 1900 61
349 1846 397 1902 Ν’,
435 1855 504 1916 μισῶ
533 1847 622 1916 σοφὸν
646 1845 722 1902 ”οντ’
744 1843 775 1902 ἐν
798 1847 933 1918 λόγοισιν,
964 1849 991 1914 ἐς
1015 1849 1043 1904 δ’
1069 1849 1168 1920 ὄνησιν
1193 1853 1227 1906 οὐ

217 1985 319 2057 σοφόν,
338 1987 414 2055 quod
432 1986 462 2041 in
480 1988 605 2057 margine
625 1987 735 2043 Orionis
755 1989 783 2055 ἐξ
802 1939 1007 2061 olimpum
1025 2007 1086 2046 esse
1104 1994 1229 2061 notetur,

216 2059 243 2113 h.
263 2075 286 2112 e.
307 2058 519 2113 Schneidewino
537 2059 691 2128 interprete
710 2060 738 2126 ἐξ
755 2059 942 2131 Ἀλεξάνδρου.

289 2164 336 2219 odi
355 2182 407 2235 ego
426 2169 468 2236 (ut
486 2167 585 2220 Plauti
598 2166 734 2236 Amphitr.
750 2170 812 2237 328)
830 2169 872 2222 cel
890 2184 956 2238 ergo
976 2167 1023 2222 odi
1038 2169 1156 2224 Bothe'us
1176 2185 1228 2238 ego

217 2235 264 2290 odi
283 2257 317 2306 ω,
341 2238 414 2307 quod
431 2239 496 2292 oliuu
514 2239 555 2292 etc
573 2239 682 2306 tuebar,
705 2244 737 2293 ut
751 2241 874 2307 primum
891 2257 985 2295 uersus
1002 2241 1139 2311 syllabam
1157 2243 1228 2296 ecci-

216 2311 286 2363 disse
313 2315 465 2364 statuerem.
502 2309 597 2363 Eruet
623 2309 738 2376 fortasse
765 2312 814 2380 qui
841 2327 892 2380 ego
922 2310 969 2364 odi
996 2311 1131 2365 homones
1156 2329 1227 2366 coro-

216 2381 341 2434 meodeut
359 2381 460 2448 (coroll.
480 2379 605 2450 XXXVI)

699 2477 746 2536 HI

216 2575 265 2640 Tu
288 2577 502 2641 cornifrontes
523 2579 652 2662 poscere
676 2580 836 2643 armentis
860 2579 951 2644 soles.

287 2696 358 2751 Non.
380 2703 444 2766 190,
458 2703 493 2751 20
518 2699 687 2753 ‘armenta
703 2698 894 2755 ...feminino
917 2699 1024 2754 Ennius
1097 2700 1225 2756 uiuius:

216 2769 264 2822 tn'
290 2785 313 2824 e.
333 2786 359 2836 q.
379 2786 400 2823 s.
435 2769 480 2839 (cf.
500 2769 583 2824 Thilo
602 2771 639 2824 ad
658 2770 786 2826 Servium
804 2772 872 2824 Aen.
892 2771 931 2825 HI
945 2773 1008 2842 640)
1027 2770 1180 2840 Amphioni
1198 2772 1230 2826 in

217 2838 341 2908 Antiope
360 2839 430 2894 scIte
447 2840 550 2920 tribuit
567 2840 731 2896 Welckerus
751 2841 796 2897 Gr.
816 2844 850 2896 tr.
869 2861 896 2912 p.
912 2849 972 2898 821.

287 2947 319 3000 tu
332 2963 447 3015 pascere
461 2946 644 3004 cornifrontes
662 2949 734 3003 soles
750 2951 891 3004 ermenteus
906 2949 1025 3020 Nouius,
1040 2967 1108 3006 corr.
1123 2951 1231 3006 Juoe'us

698 3081 742 3138 IV

162 3196 213 3244 350
259 3177 358 3264 Agite
380 3177 439 3264 ste,
462 3179 602 3245 euoluIte
625 3183 741 3266 rthte,
765 3203 858 3246 come

261 3285 410 3349 Tracttte
432 3307 490 3369 per
513 3308 624 3370 aspere
646 3289 723 3351 sexa
746 3291 778 3352 et
800 3288 950 3374 humum,

261 3389 404 3456 Scindrte
426 3395 549 3456 uestem
572 3394 673 3459 ocius!

287 3511 394 3566 Marius
408 3511 568 3567 Victorinus
588 3514 634 3568 GL
648 3515 687 3568 VI
701 3520 734 3569 77
749 3514 782 3568 Κ.
813 3516 1036 3585 ‘anapaesticum
1048 3517 1137 3572 melos
1151 3517 1230 3573 binis

215 3584 335 3655 pedibus
364 3587 441 3638 amet
464 3601 575 3639 sensum
598 3584 753 3655 includere,
782 3588 814 3641 ut
837 3588 913 3658 apud
935 3588 1107 3645 Accium...
1123 3588 1231 3645 Contra
1320 3615 1321 3650 I
