2662 3978
559 188 601 242 M:
615 187 793 242 PACVVIVS

647 389 706 449 VH

174 555 182 568 .
205 503 314 589 fruges
337 502 449 567 frendo
474 501 591 567 solidas
614 501 683 566 saxi
705 500 828 565 robore.

146 653 148 658 ·
246 641 286 695 sic
303 643 411 711 praetre
425 649 534 711 poterut
596 639 690 710 fruges
710 641 743 693 H
749 640 758 671 ¹
776 639 883 694 Aliana
901 639 1021 710 frugep
1077 637 1183 694 solidas

174 714 273 783 scripsi
294 715 338 783 (cf.
363 719 441 783 atyn.
460 731 494 766 n.
510 730 539 782 p.
556 717 603 780 60,
617 714 644 780 4)
664 711 738 766 solas
757 731 778 765 ω
798 709 857 764 solo
875 713 1041 767 conlocaram
1119 707 1182 763 saxi

181 786 290 840 Vossins
312 783 386 838 acsic
405 805 426 837 ω
449 785 522 854 qnod
540 781 629 836 saosei
645 783 703 849 fnit
720 785 768 852 qni
785 783 1010 852 interpretantur
1027 784 1072 852 (ef.
1091 781 1182 842 coroll.

174 889 326 958 XXXVIII)
398 888 497 943 robore
516 888 636 960 Scaliper
657 888 776 958 probore
795 910 815 942 ω
839 890 905 959 (nisi
922 889 994 960 qnod
1010 865 1127 960 probrire
1146 887 1188 942 W

175 961 321 1031 probarem
340 961 385 1031 H)
633 985 638 992 ·
768 1027 773 1040 .
864 987 865 990 ¹

638 1075 712 1134 VIII

174 1236 369 1252 ........
392 1184 441 1249 sol
463 1185 491 1248 si
513 1165 668 1269 perpetuo
691 1185 765 1271 siet,

174 1292 338 1358 Flammeo
361 1291 480 1377 uapore
502 1295 628 1355 torrens
651 1293 754 1356 te‘rrae
777 1291 878 1356 fetum
902 1292 1068 1356 exusserit:

173 1399 273 1465 Nocti
294 1399 330 1462 ni
353 1397 559 1482 interue‘niat‚
582 1397 706 1462 fructus
728 1399 786 1482 per
807 1399 952 1483 pruinam
971 1397 1183 1484 obriguennt.

245 1538 334 1592 Varro
362 1537 396 1590 de
421 1553 451 1590 re
478 1536 584 1590 rustica
602 1537 615 1590 I
630 1543 688 1606 Μ
718 1538 777 1590 ‘em
804 1536 860 1590 ibi’
886 1540 932 1608 (sc.
960 1536 992 1590 iu
1017 1537 1182 1608 regionibus

175 1607 451 1679 septentrionalibus)
481 1609 527 1662 ‘tu
554 1607 709 1676 quidquam
734 1607 813 1662 nasci
839 1611 921 1678 putes
945 1625 1028 1679 posse
1054 1611 1103 1663 aut
1125 1609 1183 1663 coli

175 1682 291 1735 natum?
327 1679 431 1732 Verum
449 1677 524 1733 enim
543 1681 586 1732 est
603 1678 675 1731 illud
693 1679 810 1734 Pacuui:
833 1679 884 1733 sol
903 1679 931 1733 si
948 1683 1115 1750 perpetuo
1135 1679 1183 1734 sit

175 1754 235 1805 aut
257 1767 334 1820 nox,
358 1749 516 1804 flammeo
538 1765 665 1819 uapore
688 1753 748 1804 aut
770 1750 898 1820 frigore
917 1753 1029 1805 terrae
1048 1751 1182 1806 fructos

177 1821 284 1876 omnis
302 1820 468 1875 interire!
497 1820 574 1874 Idem
593 1821 627 1874 de
645 1821 664 1876 I.
683 1821 701 1876 I.
720 1821 759 1876 Vl
778 1823 844 1876 cM.
866 1823 957 1891 ‘nox‚
976 1823 1052 1890 quod
1071 1825 1103 1876 ut
1121 1821 1181 1878 Ga·

175 1892 285 1947 tulus'
320 1892 489 1964 (Catullus
521 1891 604 1946 Goth.
636 1892 727 1948 Haun.
755 1892 925 1946 Pacquus
949 1925 983 1934 -
1006 1892 1091 1947 immo
1118 1894 1182 1948 Pa-

176 1963 324 2018 cuius—
344 1963 478 2034 Scaliger)
511 1962 581 2032 ‘ait‚
615 1962 739 2032 omnia,
771 1963 839 2016 nisi
870 1963 1084 2018 interueniat
1116 1964 1182 2035 sol,

174 2034 298 2106 pruina
330 2033 559 2106 obriguerint,
592 2034 668 2102 quod
695 2037 791 2104 nocet,
822 2036 897 2089 nox!
936 2034 1078 2106 Scaligero
1105 2039 1181 2090 recte

175 2105 380 2176 obtemperavit
406 2106 440 2162 H.
468 2106 551 2160 Peter
584 2123 647 2160 ann,
678 2102 777 2175 philol.
807 2110 876 2160 1877
902 2124 929 2175 p.
955 2111 1069 2175 749sq.‚
1102 2106 1181 2161 inani

173 2177 329 2248 pertinacia
353 2177 500 2232 oblocutus
525 2178 568 2230 est
590 2176 725 2230 Buettner
747 2176 839 2231 Porcii
857 2176 947 2231 Licini
961 2177 1012 2231 'sui
1051 2183 1124 2232 ,187
1139 2196 1180 2246 sq.

173 2247 340 2304 Meminerat
366 2248 500 2304 Varronis
533 2245 672 2300 Minucius
700 2247 779 2301 Felix
806 2248 866 2304 Oct.
892 2253 973 2316 17‚8
1005 2197 1049 2321 (cI.
1084 2248 1188 2304 coroll..

172 2319 331 2392 XXXVIII).
375 2320 474 2374 Festus
501 2337 527 2389 p.
547 2323 598 2372 352
617 2319 654 2372 M.
700 2319 850 2373 ‘torrens
880 2318 1098 2390 participialiter
1128 2337 1182 2391 pro

174 2407 289 2445 exurens
311 2390 438 2462 ponitur,
465 2393 497 2444 ut
522 2392 566 2443 est
589 2389 665 2458 apud
687 2389 872 2444 Pacuuium
894 2389 1102 2460 inAntiopa
1121 2391 1177 2463 [η’

174 2461 322 2516 Suetonius
354 2463 439 2516 Prato
472 2461 547 2530 apud
578 2459 717 2516 Isidorum
748 2461 782 2515 de
814 2463 916 2515 natura
942 2477 1033 2515 rerum
1061 2480 1121 2531 cap.
1145 2469 1183 2516 44

171 2551 198 2603 p.
221 2537 253 2586 74
273 2533 315 2586 ed.
340 2531 371 2586 (l.
391 2531 497 2586 Becker
522 2531 566 2601 (of.
591 2531 716 2586 eiusdem
737 2531 818 2601 proli.
836 2551 864 2603 p.
883 2531 949 2586 XVI
957 2549 996 2600 sq.
1017 2535 1046 2587 et
1065 2533 1181 2588 Suetoni

172 2602 308 2670 reliquiae
322 2603 365 2656 ed.
380 2602 581 2656 Reifferscheid
593 2621 620 2672 p,
635 2608 698 2672 244)
719 2604 868 2658 ‘torrens
885 2603 996 2672 fluuius,
1015 2603 1064 2672 qui
1081 2604 1185 2674 pluuia

173 2673 284 2741 crescit,
309 2673 437 2728 siccitate
455 2673 595 2742 torrescit,
619 2673 650 2726 id
669 2676 712 2728 est
730 2674 843 2741 arescit,
868 2674 902 2728 de
921 2691 976 2744 quo
994 2675 1180 2731 Pacuuius:

172 2745 330 2798 flammeo
354 2761 480 2814 uapore
503 2748 639 2799 torrens
660 2747 790 2800 torret'
828 2745 934 2800 Eadem
952 2745 1040 2800 habet
1056 2747 1182 2800 Isidorus

173 2815 248 2886 Orig.
268 2815 332 2868 XIII
347 2821 387 2869 21.

243 2946 257 2993 1
282 2939 336 2994 siet
353 2941 472 2996 Botbc'ns
496 2939 533 2993 sit
552 2941 640 2995 Varro
712 2947 727 2994 2
747 2943 854 2996 torrens
877 2944 965 2996 torret
983 2943 1086 3000 Isidore⁸
1104 2963 1125 2996 ω

171 3017 187 3064 3
206 3011 344 3082 Scalipero
362 3013 429 3066 dnae
446 3007 640 3066 reconcinnatio*

653 3189 696 3248 IX

117 3316 151 3366 15
171 3297 461 3382 Minitabiliterque
484 3296 648 3382 increpare
672 3298 766 3364 dictis
789 3301 892 3366 saeuis
914 3298 1036 3384 incipit.

241 3439 312 3493 Non.
334 3441 393 3505 139,
409 3442 442 3489 23
464 3433 731 3492 ‘minitabiIIte'r
748 3457 799 3509 pro
818 3439 965 3494 minaciter
979 3439 1031 3493 ...’

241 3561 331 3632 serjuis
351 3562 377 3615 L
396 3559 488 3615 sanius
508 3560 543 3614 H
