2662 3978
504 174 541 228 M.
561 173 740 230 PACVVIVS

595 343 649 402 XX

115 445 200 510 Voce
224 445 414 529 suppressi,
436 444 550 508 stricto
574 445 693 529 fronte,
716 444 808 508 uoltu
831 445 961 531 turgido

180 557 257 611 Non.
281 562 347 623 204,
362 561 397 609 30
427 554 592 610 ‘frontem
619 555 754 610 feminino
781 571 883 626 genere
911 556 1122 628 Vergilius...

113 627 269 682 masculino
288 625 413 680 Titinius
484 625 620 681 feminino
639 627 791 682 Pacuuius:
810 628 894 681 uoce’
914 643 937 682 e.
952 645 978 696 q.
995 647 1015 684 s.
1037 629 1122 684 ‘Cato

113 701 262 756 ...fronte
281 698 368 768 longo
383 741 389 752 .
402 741 425 752 ..
441 697 580 752 Caecilius
652 697 745 752 fronte
763 697 854 752 hilaro
870 700 923 754 ...’
945 699 1121 768 (feminino

112 771 161 824 del.
184 771 343 837 llercerus)
370 767 405 822 cs.
434 768 529 823 coroll.
553 769 674 822 XLVIII.
710 769 845 823 Nostrum
872 786 983 823 versum
1006 770 1122 826 Vossius

114 841 231 911 adiungi
249 839 343 894 voluit
360 839 399 894 ad
416 839 573 911 Dulorestis
592 840 625 894 lr.
645 839 741 893 XXIII.

179 938 284 992 stristo
313 937 499 1008 Kiessls'sps'us
526 939 595 992 conl.
624 938 727 1006 Apulei
753 945 858 992 oetam.
883 939 946 992 Χ3
978 937 1076 994 inusto
1100 961 1121 994 ω

31 1001 34 1064 .·'
108 1010 219 1064 irritato
239 1009 363 1088 &slipen
380 1007 487 1062 minato
509 1009 612 1064 Ontons
664 1007 789 1089 turgido:
809 1011 843 1076 cs.
863 1009 998 1089 Apuleius
1015 1019 1120 1067 mnam.

30 1087 31 1106 .
108 1081 144 1133 IX
158 1086 192 1134 21
214 1079 363 1149 turpitudo
378 1079 421 1147 W,
441 1097 499 1134 mss.
515 1080 635 1135 Merces-i
653 1079 802 1148 turprdop
821 1079 934 1133 turb1d0
950 1081 1122 1137 Passeratius

582 1211 651 1270 XXI

109 1312 192 1389 Quid
215 1312 288 1376 e‘st?
311 1334 387 1376 nam
410 1335 460 1376 mc
484 1312 674 1377 exauImsisti
696 1311 845 1398 prologid
869 1315 933 1376 tuo.
1004 1311 1007 1318 ’

176 1424 262 1479 Pauli
280 1424 381 1478 Festus
404 1441 431 1493 p.
451 1429 502 1478 126
516 1424 554 1477 Μ.
593 1423 802 1494 ‘prologium
820 1423 1003 1494 principium,
1027 1427 1119 1496 prolo-

108 1497 225 1563 quium!
256 1495 390 1549 Fortasse
407 1495 462 1547 huc
481 1493 588 1548 adlusit
604 1493 729 1547 Lucilius
749 1495 825 1563 apud
841 1494 964 1548 Nonium
977 1515 1003 1566 p.
1019 1503 1062 1566 30,
1072 1503 1118 1552 tt:

108 1569 219 1620 utrum
252 1567 327 1690 [tud
357 1565 478 1620 tristi's
510 1568 670 1620 contorto
703 1564 820 1633 aliquo
853 1581 892 1619 ex
924 1567 1118 1624 Pacuuiano

107 1637 270 1692 exordio?
328 1637 347 1691 f.
373 1635 516 1706 Euripidis
543 1636 633 1706 Ihig.
662 1635 745 1690 Taur.
773 1653 799 1691 v:
824 1642 893 1691 1162
921 1637 1053 1693 laudatus
1082 1641 1118 1694 ad

107 1709 201 1765 Dulor.
221 1708 314 1762 XXVI
332 1711 362 1762 et
376 1713 445 1762 1160
464 1705 490 1762 τί
509 1706 536 1762 d'
555 1655 645 1775 dcccv,
662 1705 822 1777 Ἰφιγένεια,
841 1708 941 1762 καινὸν
961 1711 991 1764 ἐν
1010 1709 1118 1781 δόμοιςς

103 1932 142 1998 ln
165 1933 264 1998 turba
287 1931 395 1997 Oresti
417 1839 702 2018 cognita,Xa{dIota
725 1933 773 1997 est
796 1954 895 1997 soror.

174 2044 338 2126 Priscianus
360 2063 387 2113 p.
410 2049 462 2098 887
481 2044 510 2097 P.
549 2043 721 2124 ‘notandurn
743 2047 851 2125 tarsen,
880 2045 955 2126 quod
979 2062 1133 2128 cognosco.

71 2159 74 2168 ‘
103 2117 910 2266 stertet?tttttfttttssttttttt
928 2115 1116 2241 testes

103 2258 260 2312 seruabant
287 2255 448 2326 analogiam
476 2257 636 2324 sequentes,
664 2274 675 2308 1
703 2259 858 2326 correptum
884 2257 1069 2312 adhibentis.
1086 2302 1113 2313 ..

103 2328 246 2383 Pacuuius
270 2329 423 2382 secundum
445 2330 594 2395 utrumque
616 2327 755 2396 protulit.
772 2373 777 2382 .
794 2330 811 2382 .’
851 2328 892 2381 Ex
915 2328 1019 2398 Chryse
1045 2329 1115 2384 haec

104 2403 218 2468 sumpta
237 2399 377 2453 videntur.

560 2477 661 2536 XXIII

104 2623 109 2634 .
136 2622 142 2634 .
167 2571 246 2654 quid
269 2570 413 2655 cessatis,
436 2571 528 2655 socii,
551 2569 652 2634 eicere
675 2570 777 2654 spiras
799 2571 963 2655 sprirteas?
1114 2590 1165 2639 385

175 2683 276 2736 Festus
294 2701 321 2752 p.
342 2689 394 2736 330
408 2682 445 2737 Μ.
484 2681 594 2752 ‘spira
613 2714 645 2722 —
665 2713 698 2722 -—
717 2681 792 2736 funis
815 2681 945 2737 nauticus
970 2683 1000 2736 in
1018 2685 1113 2739 orbem

105 2753 284 2822 consolatus,
302 2754 339 2808 ab
359 2753 457 2808 eadem
472 2769 567 2807 omnes
583 2751 786 2807 similitudine’
816 2753 942 2808 Oculatis
955 2755 1113 2825 Euripideis

103 2841 138 2878 ex
160 2824 252 2894 Iphig.
276 2823 359 2878 Taur.
380 2829 449 2878 1386
478 2819 499 2878 ὦ
527 2832 577 2893 γῆς
596 2821 729 2886 Ἑλλάδος
752 2833 864 2893 ναῦται,
891 2827 960 2888 νεώς
981 2825 1112 2899 Δάβεσθε

102 2897 224 2964 κώπαις,
245 2891 333 2964 ῥόθιά
351 2915 380 2950 τε
399 2897 557 2950 λευκαίνετε
577 2896 622 2948 sat
639 2894 786 2963 probabile
800 2896 832 2949 fit
847 2896 883 2949 ad
898 2895 1030 2966 Chrysem
1043 2898 1112 2952 haec

103 2983 216 3034 quoque
234 2966 382 3036 pertinere.
881 3023 884 3028 ,

172 3067 315 3133 praemitti
331 3067 373 3119 oet
392 3063 436 3118 cia
454 3064 496 3118 vel
514 3061 592 3148 agite
611 3065 672 3117 licet

62 3343 65 3346 .
104 3336 266 3352 ......
290 3271 428 3374 reprime
451 3288 623 3353 incicorem
646 3287 851 3352 iracundiam.
908 3275 912 3282 ³

174 3401 271 3455 XXIV.
290 3400 367 3454 XXV
384 3399 467 3465 Pauli
482 3399 582 3453 Festus
595 3417 622 3468 p.
638 3403 690 3453 108
703 3399 739 3453 M.
762 3399 973 3471 ‘incicorem‚
992 3402 1110 3456 immau-

104 3474 213 3529 suetum
231 3474 261 3526 et
279 3472 377 3525 ferum.
395 3469 535 3524 Pacuuius
551 3471 627 3540 [386]
645 3469 789 3524 interdum
807 3472 900 3526 cicur
918 3490 968 3542 pro
983 3473 1109 3541 sapiente

103 3542 224 3612 ponitur,
243 3545 277 3624 ut
294 3543 370 3595 idem
387 3541 527 3595 Pacuuius
547 3541 643 3611 [387].’
