2662 3978
182 222 226 288 92
567 222 604 276 Μ.
623 221 803 276 PACVVIVS

672 389 699 448 X

183 544 296 558 .....
319 493 407 557 nilne
430 493 470 557 sd
492 496 525 557 te
548 492 586 556 de
610 491 728 556 iudicio
752 513 877 554 armum
900 489 1036 554 decidit?

253 614 348 669 Cicero
368 614 443 670 Orat.
463 619 574 683 64,1ob
595 613 648 668 ‘ait
665 612 714 667 ille
733 611 805 666 alter
823 610 853 664 in
872 611 975 682 Chryse
1045 627 1097 665 neo
1114 610 1191 664 enim

182 685 299 740 dixerim
335 688 394 740 tam
426 685 547 740 libenter
579 701 706 739 armum
737 682 915 751 iudicium,
953 682 1006 737 etsi
1039 686 1081 736 est
1113 683 1191 752 apud
1306 675 1307 700 ³

182 757 312 814 eundem:
331 756 423 811 nilne’
444 773 513 824 eq.
534 775 554 813 s.

251 863 328 918 nilne
349 864 383 920 G.
402 865 580 920 Heuuouuus
597 861 706 916 nihilne
724 881 746 916 ω

663 1011 707 1071 ΧΙ

128 1130 162 1179 35
182 1113 275 1194 Quod
307 1117 366 1202 ego
398 1114 543 1179 inaudiui
575 1113 723 1198 aecipite,
755 1116 787 1177 et
819 1112 897 1197 quid
926 1112 969 1176 sit
995 1111 1080 1176 ficto
1108 1132 1193 1196 opus

818 1219 985 1284 decimite.

250 1343 322 1396 Non.
344 1349 403 1411 126,
419 1348 452 1396 23
473 1341 659 1411 ‘inaudire‚
679 1340 777 1395 audire
793 1341 845 1395 ...’

251 1449 326 1517 quod
354 1447 483 1502 inaudiui
507 1448 540 1504 θ.
560 1449 751 1516 Eumenous,
779 1450 825 1504 eui
851 1456 882 1503 ut
905 1455 1001 1518 postea
1023 1447 1191 1502 Buecheiuo

179 1522 300 1600 trochaei
315 1521 540 1590 pruepiuoebout:
556 1522 646 1590 possis
659 1523 742 1576 etium
755 1520 893 1574 senorium
906 1535 967 1574 uoce
982 1535 1051 1588 opus
1065 1520 1192 1574 claudere

233 1607 282 1658 qui
300 1607 320 1647 u

656 1671 714 1729 XII

183 1770 263 1836 cum
286 1771 436 1836 recordor
459 1771 527 1836 eius
550 1771 689 1835 ferocem
712 1774 744 1835 et
767 1772 894 1836 toruum
918 1771 1143 1835 confidentiam

251 1892 350 1946 Festus
368 1911 395 1962 p.
410 1898 462 1947 355
476 1892 513 1946 M.
544 1891 709 1948 ‘toruitas
728 1908 745 1946 a
764 1891 870 1946 ferocia
885 1895 1030 1947 taurorum
1044 1891 1121 1946 diota
1135 1895 1188 1946 est.

180 1962 319 2018 Pacuuius
338 1963 368 2016 in
381 1964 528 2017 Arm0rum
544 1961 649 2017 iudicio
664 1963 750 2034 [ΧΠΙ]
767 1963 898 2036 et[X11]'
913 1963 1022 2018 Nonius
1036 1982 1063 2033 p.
1079 1968 1139 2032 262,
1153 1970 1186 2017 11

182 2034 416 2089 ‘confidentia
433 2052 543 2088 rursum
559 2033 711 2104 temeritas,
731 2034 858 2088 audacia.
887 2034 1026 2088 Pacuuius
1045 2034 1076 2088 in
1098 2033 1189 2088 Atha-

179 2105 260 2160 lanta
283 2105 345 2178 [IV]
368 2105 459 2160 idem
480 2105 529 2160 lib.
553 2105 594 2158 X’
615 2121 638 2160 e.
657 2124 684 2173 q.
704 2123 724 2160 s.
762 2105 899 2160 Secuntur
925 2105 1057 2159 nimirum
1084 2105 1189 2159 Lucilii

179 2177 279 2259 veroa
308 2178 357 2230 sed
384 2180 449 2300 post
476 2176 565 2230 idem
582 2175 736 2259 ,excidisse
755 2176 872 2258 Pacuui
895 2176 928 2232 fr
952 2176 1002 2230 ΧΠ
1030 2180 1059 2230 et
1082 2193 1187 2231 nomen

179 2248 281 2304 Lucilu
301 2248 384 2302 admo
404 2266 453 2302 um
470 2247 656 2318 probabiliter
675 2250 795 2302 oonreoit
813 2247 941 2302 Rothrus.

645 2383 718 2440 XIII

179 2481 278 2546 feroci
301 2482 444 2568 ingenio,
467 2483 594 2570 toruus,
616 2481 810 2569 praegrandi
831 2482 933 2568 gradu

249 2603 418 2672 praegrandi
435 2605 515 2676 ouipo
533 2605 709 2674 praegnandi
727 2607 785 2661 cod.

647 2737 718 2796 XIV

178 2835 263 2902 Nem
282 2837 382 2922 oanis,
405 2837 531 2921 quando
552 2839 600 2902 est
617 2860 767 2922 pereussa
784 2839 903 2924 lapide,
925 2843 1076 2904 nontam
1094 2840 1188 2905 illum

816 2946 951 3034 adpetit,

179 3047 245 3128 Qui
269 3071 336 3114 sese
365 3049 434 3136 ioit,
463 3071 559 3134 quam
586 3049 681 3116 illum
707 3073 836 3136 eumpse
858 3053 1011 3139 ldpidem,
1038 3054 1094 3138 qui
1117 3054 1190 3139 ipsa

816 3160 880 3225 iota
903 3162 964 3245 est,
986 3161 1077 3244 petit.

248 3279 319 3332 Non.
336 3284 396 3346 124,
411 3284 427 3331 2
444 3277 523 3332 ‘ioit
542 3278 683 3349 signifieat
695 3280 825 3350 percutit,
844 3280 881 3335 ab
896 3280 954 3335 ictu
969 3281 1023 3336 ...’
1044 3284 1189 3351 (armoro

178 3348 310 3403 iudicio
329 3349 426 3404 Vrbin.
446 3353 509 3419 307)

249 3461 265 3509 2
285 3471 345 3510 sese
359 3458 469 3512 Vossius
488 3472 531 3511 ses
546 3457 573 3511 L
587 3474 616 3511 se
630 3479 651 3528 φ
667 3458 716 3512 sed
730 3459 896 3514 Riisciuiius
949 3475 1063 3529 eumpse
1078 3459 1188 3515 Vossius

178 3543 241 3582 eum
259 3526 352 3597 ipsum
366 3549 386 3582 ω
441 3527 490 3596 qui
507 3527 608 3598 seioit,
628 3546 714 3597 quam
727 3529 815 3584 illunc
829 3545 942 3599 eumpse
959 3530 991 3585 G.
1008 3531 1188 3586 Hermuuuus

230 3601 351 3655 seuarios
370 3601 419 3656 dei.
438 3599 519 3653 illum
537 3617 561 3655 o.
582 3606 598 3653 2
617 3601 757 3656 dimetitur
778 3601 881 3656 Ouious
