2648 3978
549 243 579 309 Q.
599 243 735 298 ENNIVS
1108 243 1152 307 55
1206 255 1212 260 '

206 405 303 460 Cicero
327 405 362 458 de
385 407 456 459 orat.
475 404 516 458 ΙΠ
534 409 581 474 68,
596 409 648 458 217
674 403 784 458 ‘aliud’
809 405 857 473 (eo.
881 402 959 456 uocis
982 418 1070 472 genus
1095 402 1150 457 sibi

136 476 231 546 sumit)
258 475 412 530 ‘miseratio
436 493 471 530 ae
492 491 614 530 maeror:
642 474 778 544 flexibile,
801 474 929 544 plenum,
953 473 1150 543 interruptum,

133 544 224 600 debili
251 564 334 602 uooe:
362 548 442 616 quo'
464 565 487 602 e.
507 565 533 615 q.
552 565 573 602 s.
609 545 687 600 Haeo
714 545 856 600 Gracchus
884 545 960 614 apud
989 544 1151 600 Ciceronem

136 617 173 670 de
197 621 265 673 orat.
284 618 325 672 ΙΠ
342 623 389 687 56,
409 624 461 672 214
484 619 514 672 et
536 617 612 699 apud
636 616 844 683 Quintilianum
861 616 900 670 XI
914 622 943 684 3,
963 622 1015 670 115
1038 619 1068 670 et
1090 616 1150 686 ipse

136 687 234 742 Cicero
252 707 302 757 pro
321 689 392 743 Mur.
408 695 452 758 41,
467 693 501 743 88
520 687 626 743 imitati
645 690 718 744 sunt.
756 686 900 757 Euripidis
920 689 985 741 sunt
1002 705 1028 742 v.
1045 693 1110 743 5022

296 787 349 834 νῦν
367 787 418 833 τοῑ
434 776 595 848 malaopera
613 775 720 844 πότερα
737 776 931 846 πρὸς’ττατρὸς
949 774 1066 847 δόμους,

298 849 346 913 οὓς
363 850 407 904 ool
426 851 573 919 προδοῦσα
590 848 639 902 καὶ
657 847 770 917 πάτραν
788 845 945 918 &preditum

297 916 315 987 ἢ
332 921 403 990 πρὸς
422 917 556 984 ταλαίνας
573 921 728 986 flandriam

620 1105 663 1164 XI

607 1204 680 1270 Iaso

132 1311 183 1376 To
211 1335 264 1377 me
292 1313 411 1378 amoris
438 1313 542 1400 magis
565 1335 661 1399 quem
684 1313 817 1378 honoris
840 1313 1011 1377 seruauieti
1034 1313 1148 1399 grdtia.

205 1452 303 1507 Cicero
323 1451 403 1506 Tusa.
424 1452 495 1522 disp.
509 1453 548 1507 IV
563 1458 605 1521 32,
621 1459 654 1508 69
676 1452 756 1520 ‘quid
775 1451 817 1507 ait
836 1452 1036 1522 extragoedia
1054 1452 1147 1523 prin-

132 1540 212 1593 ceps
231 1523 295 1578 ille
314 1524 608 1593 Argonautarum?
633 1523 681 1577 Tu
699 1539 748 1578 me
768 1523 908 1578 amorie’
930 1540 952 1578 e.
968 1542 994 1592 q.
1010 1543 1031 1579 e.
1062 1524 1148 1590 ‘Quid

132 1603 219 1666 ergo?
237 1595 284 1648 hie
303 1611 382 1649 amor
395 1594 517 1658 Medeaev
531 1598 638 1664 quanta
656 1594 834 1649 miseriarum
851 1595 988 1650 excitauit
1001 1595 1146 1651 incendia!

131 1665 226 1735 Atque
251 1683 285 1720 ea
308 1669 405 1720 tamen
428 1667 504 1735 apud
527 1665 615 1720 alium
657 1669 751 1720 oetam
773 1665 849 1736 patri
872 1665 964 1720 dioere
989 1667 1087 1735 audet,
1117 1685 1147 1722 se

131 1737 283 1806 coniugem
302 1736 435 1792 habuisse
455 1737 520 1809 [ino.
539 1737 592 1792 ino.
611 1684 668 1792 fal.
683 1736 788 1810 XCV.]'
819 1736 858 1792 Of.
877 1737 1021 1807 Euripidis
1039 1756 1065 1791 v.
1081 1743 1144 1793 530:

587 1819 624 1880 ὡς
636 1815 726 1886 Ἔρως
744 1815 770 1871 o’
791 1815 847 1886 ὴνά
865 1835 933 1872 κασε

295 1885 387 1954 τόξοις
404 1888 543 1958 ἀφύκτοις
561 1889 664 1958 τούμὸν
683 1884 802 1943 ἐκσῶσαι
820 1838 914 1958 dgnus.

205 2011 359 2066 seruauisti
379 2011 569 2068 Orataadriaa
588 2012 709 2067 seruasti
728 2033 749 2066 α

611 2199 670 2258 ΧΠ

132 2297 202 2385 Sol,
227 2298 289 2384 qui
310 2300 498 2365 candentem
520 2301 556 2365 in
578 2301 665 2365 eaelo
689 2298 843 2364 sublimat
865 2298 967 2363 facem

201 2437 276 2492 Non.
297 2444 410 2507 170,10
433 2438 648 2509 ‘sublimare¹
672 2439 814 2495 extollere.
851 2436 958 2491 Ennius
977 2437 1143 2494 Medea...’

131 2507 170 2564 Cf.
189 2508 336 2579 Euripidis
354 2528 381 2565 v.
397 2516 462 2566 764:
482 2506 503 2566 ὦ
524 2515 577 2566 Ζεῦ
597 2514 670 2582 Δίκη
689 2529 719 2566 τε
741 2511 830 2581 Ζηνὸς
845 2505 939 2563 Ἡλίου
957 2527 987 2564 τε
1006 2518 1074 2579 φῶς.

202 2633 340 2760 εοξὶὶιοοέο
356 2635 497 2705 Columna,
516 2638 632 2704 fortasse
649 2643 728 2703 reete,
747 2636 793 2691 sed
810 2635 948 2690 addidisse
963 2640 1052 2703 potest
1061 2643 1145 2706 poeta

131 2721 238 2760 aaa
283 2721 351 2758 au

601 2822 676 2880 XlII

580 2921 692 2988 Medea

132 3078 164 3093 ..
184 3081 190 3094 .
209 3029 346 3114 saluete,
369 3030 492 3114 optima
515 3032 662 3115 corpora!
1144 3042 1196 3091 235

134 3133 223 3200 (litte
245 3156 360 3198 manus
383 3135 508 3200 uestras
530 3156 680 3220 measque
703 3134 851 3218 accipitet

199 3274 273 3328 Non.
293 3278 371 3342 85,1
398 3275 504 3328 ‘cette
529 3274 670 3344 signifieat
688 3273 774 3328 dieite
793 3272 840 3328 uel
858 3273 925 3328 date
944 3273 981 3328 ab
1000 3240 1142 3345 eosquod

132 3345 197 3399 oedo
272 3344 379 3398 Ennius
397 3345 428 3399 in
446 3345 547 3400 Medea
563 3347 616 3400 ...’
653 3343 802 3414 Euripides
821 3362 847 3400 v.
863 3350 946 3401 1069:
980 3357 981 3361 ’
1007 3364 1018 3388 ’-

680 3423 751 3493 δότ’,
771 3419 792 3479 ὦ
810 3421 909 3492 τέκνα,
954 3425 956 3427 ’

343 3493 405 3552 δότ’
425 3498 610 3552 ἀσπάσασθαι
628 3498 709 3568 μητρὶ
728 3495 825 3562 δεξιὰν
844 3493 920 3566 χέρα.

201 3627 215 3674 1
236 3621 344 3690 optima
361 3621 481 3692 pignora
500 3622 539 3677 H.
559 3621 714 3692 Stephanus
733 3637 748 3675 o
767 3619 816 3689 pia
834 3617 953 3687 pignora
971 3634 992 3672 α
