2682 3980
556 219 732 294 1111111
792 271 794 278 ·
1013 259 1015 264 ·
1086 235 1149 302 187

621 452 671 510 IV¹

407 548 410 553 ⁸
439 563 564 648 <quae>
587 584 646 648 ego
669 561 789 647 incipio
813 564 928 627 oonata
950 563 1098 645 exequar.

8 747 16 796 >
208 703 352 770 Nom202,
364 708 397 756 13
413 697 573 757 ‘bonatus
587 701 751 757 masculino.
774 701 882 756 Neutro
891 699 993 756 Aonius
1003 700 1103 758 Atreo.
1113 701 1146 756 ..’

209 843 346 896 exsequor
362 829 468 883 moult
482 828 604 883 'Botbs'ue

590 961 591 964 ‘
627 995 655 1051 v

579 1103 699 1170 Atreus

881 1193 1028 1279 oderint,
1137 1279 1140 1284 Ι

133 1284 222 1348 Dum
245 1285 399 1348 me'tuant.
439 1347 443 1353 .

207 1417 312 1477 Seneoa
332 1422 367 1476 de
384 1421 428 1476 ira
446 1423 552 1491 120,4
576 1423 648 1476 ‘non
672 1421 785 1490 aliquae
808 1438 891 1477 uoces
910 1421 947 1475 ab
965 1420 1046 1476 iratis
1066 1420 1146 1476 emit·

135 1497 309 1549 tuntur...-‘?
336 1493 428 1561 qualis
456 1492 508 1547 illa
535 1492 597 1548 dira
621 1495 649 1548 et
672 1493 875 1548 abominanda:
904 1493 1043 1548 oderint
1071 1493 1147 1546 dum

133 1567 298 1620 metuant.
334 1564 479 1619 Sullano
507 1563 597 1619 seia·
625 1565 764 1619 saeculo
789 1563 972 1634 scriptam?
1010 1564 1088 1618 Idem
1111 1564 1146 1618 de

13 1679 21 1702 ,
128 1635 287 1691 ¹elementia
300 1636 313 1689 1
328 1641 370 1704 12,
384 1644 409 1691 4.
428 1636 454 1689 H
468 1642 493 1702 2,
508 1641 524 1689 2
545 1636 589 1690 ‘ut
605 1636 697 1690 illam’
718 1640 766 1707 (so.
785 1638 893 1706 vocem)
914 1634 1036 1690 ‘oderint
1054 1636 1080 1689 d.
1099 1653 1145 1704 m.‚

133 1707 181 1762 oui
200 1707 322 1762 Graecus
345 1723 442 1761 uersus
466 1706 566 1761 similis
590 1710 645 1776 est,
667 1706 716 1775 qui
735 1723 764 1762 se
782 1709 893 1761 mortuo
912 1709 1017 1761 terram
1034 1705 1146 1761 misceri

135 1777 1146 1922 111.11112111111111111111

5 1959 8 1969 r
90 1949 92 1953 ·
133 1938 183 1976 eos
202 1920 289 1974 fuisse
307 1919 396 1975 iustos
415 1920 581 1986 accepimus.
619 1924 657 1975 At
679 1893 783 1975 uitreo
806 1911 944 1975 dicente
962 1892 1078 1990 plautius
1100 1937 1146 1974 ex·
1222 1955 1225 1962 ι

137 1992 272 2048 citantur:
301 1994 345 2046 est
372 1991 448 2046 enim
475 1991 561 2060 digna
588 2008 709 2061 persona
736 1991 847 2046 oratio!
890 1992 968 2046 Idem
994 2008 1045 2072 pro
1074 1991 1144 2045 Sest.

133 2069 245 2131 48,102
266 2062 412 2117 ‘multae
431 2062 583 2117 insidiae
602 2066 681 2118 sunt
699 2063 798 2118 bonis
812 2061 958 2118 uerissime
972 2062 1144 2116 dictumest.
1177 2103 1179 2108 .

134 2134 185 2189 sed
203 2137 232 2190 te
252 2134 328 2214 [215]
347 2132 440 2202 inquit
455 2135 540 2258 [md
568 2133 691 2188 Nollem'
711 2133 1052 2205 (sioReg.m.1Gembl.
1070 2132 1145 2186 nul-

132 2204 204 2258 lum
235 2207 321 2258 oeten
353 2203 431 2270 libri,
464 2222 519 2272 quo
566 2207 667 2275 poetae
695 2204 796 2260 tribuit
825 2204 913 2259 etiam
939 2205 1146 2273 Lachmannus)

122 2274 227 2329 ·‘idem
250 2274 307 2329 alio
329 2275 393 2329 loeo
416 2274 548 2330 dixisset’
575 2276 627 2345 (sio
651 2276 737 2331 schol.
761 2274 1028 2345 ut,Wesenbergius
1056 2274 1147 2329 dixit

132 2347 210 2415 edd)
231 2346 321 2416 ‘quod
340 2345 500 2416 exciperent
517 2346 556 2401 im
575 2348 638 2402 robi
656 2347 745 2403 oiues:
770 2347 907 2402 oderint
926 2347 951 2401 d.
971 2347 1023 2402 m’
1053 2345 1144 2401 Sohol.

134 2417 202 2472 Bob.
222 2417 253 2470 in
273 2416 291 2471 l.
311 2417 330 2471 l.
350 2417 395 2471 ‘et
412 2418 466 2472 hoe
484 2366 610 2472 eiusdem
627 2421 729 2488 postne
747 2421 802 2474 est:
827 2417 966 2473 oderint
985 2417 1060 2472 dum
1078 2433 1147 2471 me-

133 2491 247 2557 tuant,
266 2505 352 2556 quam
370 2489 539 2544 sententiam
558 2490 715 2545 detestatur
728 2489 810 2571 quasi
822 2489 1001 2560 tyrannicam
1018 2491 1048 2543 et
1065 2487 1146 2543 inau-

131 2559 273 2630 spicatam
291 2559 398 2614 liberae
417 2559 548 2615 ciuitati)
580 2561 676 2616 Cicero
688 2561 761 2616 Phil.
776 2561 849 2628 114,
864 2567 899 2615 34
917 2560 1003 2629 ‘quod
1017 2560 1146 2614 uidemus

134 2630 222 2686 etiam
235 2630 265 2685 in
279 2631 377 2686 fabula
390 2630 434 2684 illi
448 2631 511 2700 ipsi,
526 2631 575 2700 qui
590 2633 727 2688 oderint
741 2632 767 2687 d.
782 2650 817 2686 m.
833 2630 943 2700 dixerit,
957 2630 1146 2702 perniciosum

133 2701 240 2757 fuisse!
275 2702 425 2756 Suetonius
444 2702 531 2784 Calig.
552 2709 586 2757 30
607 2703 758 2774 ‘tragicum
774 2702 847 2756 illud
866 2703 985 2757 subinde
1003 2702 1144 2758 iactabat:
1258 2731 1260 2735 ·

133 2773 272 2828 oderint
291 2774 317 2828 d.
336 2775 384 2827 m.’
417 2773 536 2828 Invertrt
554 2773 683 2830 Tiberius
702 2773 836 2829 dictitans
857 2774 979 2830 ‘oderint
997 2775 1064 2828 dum
1082 2790 1145 2843 pro-

133 2844 213 2899 bent’
232 2847 306 2899 teste
325 2844 458 2898 Suetonio
476 2844 539 2899 Tib.
554 2851 600 2900 59..

115 3031 116 3038 ¹
206 2976 263 3040 leq.
280 2970 409 3024 Fortasse
418 2971 603 3026 iomwverso
612 2969 724 3025 oderint
734 2969 801 3024 dum
810 2972 1080 3039 metuantaeriptom
1088 2970 1146 3037 suit

616 3173 661 3232 VI

132 3281 196 3359 Qui
219 3285 286 3347 non
308 3287 358 3348 sat
379 3283 496 3350 habuit
519 3285 689 3371 coniugem
712 3283 817 3349 inlexe
840 3284 876 3348 in
897 3288 1055 3368 stuprum.
1112 3351 1114 3356 ,
1146 3301 1198 3351 205

191 3421 299 3477 ‘Cicero
318 3422 354 3476 de
371 3424 430 3477 nat.
448 3423 524 3480 deor.
538 3425 577 3480 III
591 3413 639 3493 26,
654 3429 688 3479 68
706 3422 782 3495 (vide
800 3423 857 3494 ΠΙ).
886 3423 1005 3477 Versum
1023 3438 1084 3476 esse
1102 3421 1145 3475 in·

131 3492 246 3550 tellexit
262 3493 441 3548 Heindorfius
796 3512 799 3518 ·

203 3615 253 3686 qui
271 3617 397 3675 dicerem
413 3620 542 3676 reddebat
559 3620 762 3677 &noemam
862 3607 864 3611 ’
