2662 3978
532 207 569 261 M.
588 206 767 262 PACVVIVS

621 375 676 432 XV

142 529 232 543 ....
255 478 330 542 men
352 497 508 560 seruasse,
531 479 568 540 ut
592 477 697 540 essent
720 476 776 560 qui
799 498 850 540 me
872 477 1054 561 perderent!
1171 493 1205 541 40

215 616 365 672 Suetonius
383 615 461 670 Caes.
477 621 512 669 84
531 615 620 670 ‘inter
637 616 734 670 ludos’
755 615 895 685 (funebres
912 616 1051 683 Caesaris)
1072 618 1153 672 ‘ean-

140 691 205 744 teta
228 691 294 742 sunt
315 687 456 755 quaedam
479 688 516 741 sd
539 686 749 742 miserationem
771 689 800 741 et
823 685 962 742 inuidiam
979 688 1073 743 caedis
1092 688 1152 743 eius

140 759 356 815 accommodata
375 775 410 813 ex
426 757 534 813 Pacuui
552 759 700 813 Armorum
717 757 822 812 iudicio
833 802 839 812 .
851 803 857 813 .
869 759 886 812 .’
921 761 965 828 Ap
985 759 1066 815 ienus
1085 759 1152 815 bell.

144 831 198 886 oiv.
218 831 245 884 Π
258 835 310 886 146
329 831 366 893 ὡς
384 828 412 884 δ’
434 828 480 884 ἐπὶ
498 838 555 894 τοῖς
573 828 665 900 λέγοις
683 827 771 896 ἕτερον
789 833 895 899 θρῆνοι
913 849 962 900 μετ
993 829 1067 903 ᾠδῆς
1081 831 1153 885 κατὰ

727 897 740 920 ΙΙ

141 901 265 970 πάτριον
287 901 355 964 ἔθος
377 899 433 955 ὑπὸ
456 909 548 972 γερῶν
570 897 599 966 ές
616 900 704 956 αὐτὸν
722 902 838 1025 qoem,
861 900 910 955 καὶ
927 899 962 955 τὰ
982 901 1049 972 ἔργα
1068 899 1154 967 αὖθις

144 975 234 1028 αὐτοῦ
258 973 306 1028 καὶ
329 973 360 1027 τὸ
383 972 481 1036 πάθος
502 969 664 1042 κατέλεγον,
687 992 723 1026 κα
753 990 809 1026 πον
827 980 883 1026 τῶν
900 969 1017 1040 θρήνων
1036 972 1153 1036 uertet

142 1050 255 1112 Καῖσαρ
279 1039 372 1098 ἐδόκει
394 1041 485 1114 λέγειν
508 1041 589 1108 ὅσους
608 1039 639 1098 εὖ
657 1043 782 1110 ποιήσειε
800 1052 856 1098 τῶν
875 1041 985 1114 ἐχθρῶν
1004 1043 1032 1110 ἐξ
1051 1042 1153 1112 ὀνόμα-

141 1135 199 1184 τος,
218 1115 265 1170 καὶ
284 1115 348 1184 περὶ
365 1123 421 1169 τῶν
439 1111 571 1184 σφαγέων
590 1115 683 1169 αὐτῶν
702 1109 832 1184 ἐπέλεγεν
850 1112 941 1182 ὥσπερ
961 1109 992 1170 έν
1012 1115 1152 1185 θαύματι·

142 1183 202 1255 ἐμὲ
226 1185 260 1240 δέ
284 1186 342 1241 καὶ
363 1185 484 1240 τούσδε
507 1193 694 1254 περισῶσαι
716 1186 794 1249 τοὺς
812 1185 1019 1248 κτενοῦντάς
1037 1204 1082 1254 με;
1102 1187 1153 1241 οὐκ

144 1258 246 1327 ἔφερεν
265 1257 306 1312 ἔτι
324 1257 338 1312 ό
358 1258 446 1328 δῆμος
463 1278 488 1312 ν.
503 1277 525 1312 τ.
541 1259 563 1312 λ.
592 1256 717 1316 conferri
735 1254 819 1309 iussit
836 1255 960 1337 Langius
974 1256 1057 1311 Vind.
1076 1275 1103 1326 p.
1119 1262 1153 1311 34

145 1327 288 1384 Ciceronis
306 1327 378 1383 Phil.
397 1328 462 1396 113,
477 1334 507 1384 δε
537 1328 628 1397 ‘quod
651 1327 675 1382 si
699 1329 773 1382 esset
795 1327 974 1396 beneficium,
1001 1345 1154 1396 numquam

143 1400 204 1468 qui
227 1399 326 1453 illum
348 1398 615 1466 interfecerunt,
639 1416 657 1454 a
680 1416 744 1467 quo
769 1402 867 1452 erant
890 1399 1152 1455 conseruati...

143 1474 257 1526 tentam
275 1474 369 1525 essent
387 1470 507 1541 gloriam
526 1470 688 1525 consecuti)

614 1657 685 1715 XVI

143 1810 206 1824 ...
230 1780 289 1842 pro
312 1758 448 1842 imperio
473 1758 631 1844 egendum
653 1761 710 1822 est.
730 1795 772 1804 -
793 1756 871 1834 Quis
893 1762 996 1842 uetet,

145 1863 217 1942 Qui
231 1887 272 1930 ne
295 1864 444 1929 attollat?

218 2004 290 2057 Non.
307 2008 403 2072 246st
421 2002 601 2057 ‘attollere
616 2002 757 2073 significat
771 2001 876 2072 erigere
892 2046 932 2058 ...
948 2003 1086 2071 attollere,
1106 2003 1155 2057 ad-

148 2075 230 2130 ferre.
267 2073 406 2128 Pacuuius
426 2073 509 2128 Medo
580 2072 656 2127 idem
674 2075 821 2128 Armorum
838 2073 943 2128 iudioio
960 2075 1012 2130 ...'

220 2205 234 2252 1
255 2199 304 2266 qui
323 2199 502 2254 Hermastus
554 2204 570 2252 2
590 2197 639 2266 qui
656 2214 691 2252 ne
708 2199 806 2268 scripsi
812 2223 818 2254 :
837 2198 872 2266 cf.
886 2199 976 2253 coroll.
992 2198 1108 2252 XXXIX
1116 2215 1153 2269 sq.

147 2270 248 2339 quisue
267 2291 288 2324 ω
311 2269 410 2337 nequis
433 2271 611 2325 Ηενννσννννε
631 2269 755 2338 nequior
841 2268 946 2323 attolat
967 2271 1030 2324 Bae
1049 2268 1154 2324 attolat

151 2344 301 2414 Quieterat
318 2340 446 2395 abstulst
464 2343 533 2396 coni.
552 2342 643 2396 coroll.
661 2341 709 2394 XL

540 2561 759 2621 ATALANTA

641 2687 657 2744 I
849 2659 851 2666 ,

146 2789 322 2854 Parentum
345 2788 503 2852 incertum
526 2785 784 2874 inuestigandum
807 2786 911 2873 gretie

216 2927 289 2983 Non.
307 2931 373 2994 495,
389 2933 423 2980 26
448 2926 640 2981 ‘accusatione
668 2926 777 2981 numeri
799 2925 950 2997 singularis
973 2925 1081 2995 positus
1104 2941 1154 2995 pro

144 2998 279 3070 genetiuo
297 2997 401 3068 plurali
417 2997 469 3053 ...'

634 3131 665 3188 Π

146 3232 245 3300 Dolet
271 3233 424 3320 pigetque
451 3230 555 3318 msigis
581 3232 747 3318 magisque
770 3233 822 3298 me'
845 3209 995 3298 sonetum
1018 3232 1080 3296 hoo
1101 3199 1208 3339 116·Ῐέ

785 3338 938 3424 quiquam
960 3339 1065 3404 itiner.

216 3461 289 3515 Non.
304 3465 365 3530 490,
382 3466 416 3514 14
436 3459 563 3538 ‘itiner
576 3476 626 3536 pro
644 3458 699 3514 iter
714 3504 719 3515 .
732 3503 737 3514 .
751 3460 768 3514 .'

217 3583 340 3657 Aqaoeit
358 3585 528 3641 octonarios
546 3585 608 3641 Βνε
