2682 3980
547 237 576 292 n.
596 234 722 291 locrus
850 313 852 320 y
1073 233 1137 298 211

130 412 192 451 mus
216 396 318 452 artifex
341 400 370 451 et
390 396 549 452 mehercule
573 412 681 465 semper
702 394 827 465 partium
849 394 880 448 in
899 393 1061 463 republica
1080 397 1140 448 tam

131 485 216 536 qnam
238 468 268 520 in
291 484 394 522 scaena
416 467 585 538 optimarum
607 467 676 521 flens
700 469 729 521 et
748 465 854 520 recenti
872 465 985 520 laetitia
1003 468 1033 520 et
1049 465 1138 520 mixto

131 539 227 594 dolore
251 556 284 593 ac
306 538 445 594 desiderio
468 538 524 594 mei
546 538 606 608 egit
626 538 702 607 apud
719 537 855 607 populum
872 537 1031 592 Romanum
1048 536 1138 592 multo

131 609 308 680 grauioribus
331 610 424 664 uerbis
444 626 538 664 meam
556 626 682 678 causam,
706 625 791 678 quam
809 610 921 678 egomet
939 608 974 662 de
992 625 1037 662 me
1056 624 1138 678 agere

130 681 303 751 potuissem?
321 681 428 736 Summi
446 680 521 735 enim
538 683 639 750 poetae
660 679 666 691 '
708 678 802 734 eninm
819 695 877 732 non
896 679 987 733 solum
1004 681 1066 733 arte
1080 696 1139 746 sua,

131 752 180 806 sed
212 752 300 806 etiam
331 751 427 807 dolore
457 750 638 822 exprimebat.
705 768 743 804 ua
770 749 846 804 enim
873 750 918 803 ui'
947 749 1018 820 (‘ui’
1046 750 1138 831 suppl.
1243 761 1247 768 ·

131 823 266 893 Koechly)
287 824 339 894 ‘[1.
359 824 387 894 2]
405 823 551 878 uobiscum
569 839 614 877 me
633 821 745 877 stetisse
764 821 885 890 dicebat,
904 823 1012 875 uestros
1027 821 1139 876 ordines

132 894 357 950 demonstrabat:
380 894 566 966 reuocabatur
589 894 625 948 ab
649 891 795 948 uniuersis.
815 893 851 964 [3.
871 893 901 964 4]
929 892 1007 946 Haec
1025 892 1139 960 quantis

132 966 169 1020 ab
192 965 243 1019 illo
266 965 435 1021 clamoribus
459 965 628 1036 agebantur!
653 981 716 1018 cum
738 963 797 1018 iam
819 962 922 1017 omisso
945 965 1027 1033 gestu
1045 963 1139 1016 uerbis

84 1067 86 1070 -
130 1040 232 1106 poetae
255 1039 285 1090 et
308 1037 402 1091 studio
425 1036 528 1091 actoris
552 1039 581 1091 et
603 1034 793 1106 expectationi
813 1037 927 1089 nostrae
945 1033 1139 1104 plauderetur:

132 1109 292 1162 sdmmum
320 1108 476 1177 amicum,
509 1109 669 1161 snmmum
696 1105 731 1159 in
756 1105 850 1160 bello
878 1108 954 1176 (nam
981 1103 1053 1158 illud
1079 1105 1139 1178 ipse

132 1182 211 1233 actor
238 1179 412 1249 adiungebat
439 1178 529 1233 amico
557 1179 651 1232 animo
679 1180 708 1232 et
734 1177 854 1231 fortasse
876 1176 1003 1230 homines
1025 1179 1140 1246 propter

132 1249 249 1319 aliquod
272 1249 442 1304 desiderium
465 1249 671 1319 approbabant)
694 1251 820 1303 stimmo
843 1248 984 1318 ingenio
1026 1247 1141 1302 reedi-

130 1325 208 1375 tum.
245 1321 305 1375 iam
322 1320 381 1389 illa,
400 1323 507 1390 quanto
526 1338 589 1375 cum
607 1318 714 1390 gemitu
731 1318 829 1389 populi
846 1319 969 1373 Romani
986 1266 1023 1372 ai
1042 1318 1141 1372 eodem

130 1392 215 1461 paulo
248 1395 313 1461 post
343 1392 374 1445 in
406 1392 503 1446 eadem
531 1391 643 1445 fabula’
673 1390 753 1460 (haec
781 1390 826 1443 ‘in
855 1390 954 1444 eadem
981 1390 1049 1444 fab’
1074 1389 1139 1444 incl.

131 1462 247 1533 Bakius)
267 1464 344 1519 ‘sunt
362 1466 438 1518 acta!
459 1462 481 1516 0
500 1465 610 1532 peter!
629 1463 683 1531 Me,
702 1478 746 1516 me
762 1461 811 1515 ille
825 1462 971 1516 absentem
984 1464 1018 1515 ut
1030 1463 1140 1531 patrem

133 1534 335 1603 deplorandum
357 1534 479 1604 putabat
493 1578 499 1589 .
511 1578 533 1588 ..
549 1535 656 1602 quanto
679 1550 743 1586 cum
759 1532 828 1587 fletu
846 1533 881 1587 de
899 1532 957 1586 illis
975 1531 1079 1588 nostris
1097 1532 1140 1585 in-

133 1604 239 1659 cendiis
254 1621 286 1660 ac
300 1604 397 1675 ruinis,
412 1622 475 1659 cum
488 1607 620 1674 patrem
633 1604 780 1674 pulsum,
799 1603 948 1673 patriam
966 1603 1140 1658 afflictam

133 1676 304 1745 deploraret,
329 1677 459 1730 domum
477 1675 651 1730 incensam
669 1691 833 1744 euersam,
852 1676 935 1744 quae'
956 1676 1044 1745 (‘que’
1064 1674 1139 1743 libri,

133 1764 202 1801 corr.
217 1746 334 1816 Bakius)
355 1747 405 1801 ‘sic
425 1746 491 1816 egit,
510 1750 543 1801 ut
562 1748 753 1802 demonstrata
770 1745 891 1815 pristina
905 1746 1018 1800 fortuna
1033 1763 1096 1800 cum
1110 1762 1140 1800 se
1243 1761 1247 1772 ·
1328 1713 1329 1758 3

132 1817 318 1872 conuertisset
341 1818 422 1890 [Eun.
441 1821 513 1888 trag.
533 1819 592 1890 86],
615 1818 713 1872 fletum
735 1817 822 1871 etiam
843 1816 966 1871 inimicis
989 1821 1074 1885 atque
1096 1817 1139 1870 in·
1212 1821 1214 1826 “

133 1887 207 1942 nidis
228 1888 370 1944 excitaret.
408 1889 461 1943 Pro
481 1889 511 1943 di
527 1889 703 1943 inmortales!
728 1887 815 1957 quid?
834 1887 886 1942 illa
904 1889 1140 1956 quemadmodum

132 1957 204 2012 dixit
222 1958 310 2014 ideml
337 1976 409 2028 quae
427 1959 498 2014 mihi
511 1960 630 2028 'quidem
647 1959 689 2013 ita
708 1961 737 2014 et
756 1961 820 2013 acta
838 1961 868 2013 et
886 1958 991 2028 scripte
1008 1959 1141 2013 uidentur

132 2045 205 2098 esse,
228 2032 260 2082 ut
283 2030 329 2084 uel
352 2047 369 2084 a
394 2030 424 2096 Q.
445 2030 558 2099 Catulo,
582 2031 606 2084 si
628 2030 789 2098 reuixisset,
811 2029 955 2099 praeclare
978 2047 1060 2099 posse
1083 2029 1140 2084 dici

130 2099 306 2156 uiderentur:
335 2100 359 2154 is
387 2101 462 2154 enim
488 2101 576 2156 libere
602 2118 633 2156 re
652 2100 805 2154 rehendere
832 2102 862 2154 et
889 2116 1020 2155 accusare
1042 2099 1141 2169 populi

130 2187 345 2298 {ponnumqtuaffi
365 2171 558 2296 {emensam
581 2120 702 2239 soleiat,
732 2174 781 2295 au}
804 2173 1080 2296 ffiremifiepiatusr
1098 2171 1141 2294 [bl

159 2260 195 2296 on
222 2259 271 2296 era
345 2259 364 2296 u
431 2259 525 2297 mem
551 2259 759 2297 uerum...se
868 2258 903 2296 en
962 2259 982 2295 u
1029 2258 1127 2295 scris1

131 2312 332 2368 disertissimus
351 2260 437 2383 poeti⁴
454 2331 504 2384 pro
523 2330 580 2382 me;
604 2313 663 2384 egit
681 2312 850 2367 fortissimus
869 2315 955 2380 actor,
973 2329 1031 2367 non
1049 2260 1140 2366 soiirm

132 2388 276 2455 optumus,
301 2385 336 2439 de
358 2402 416 2453 me,
440 2402 504 2439 cum
522 2401 617 2439 omnes
636 2383 747 2439 ordines
766 2384 983 2450 demonstraret,
1002 2386 1140 2449 senatum,

132 2456 240 2524 equites
254 2456 405 2525 Romanos,
424 2455 586 2510 uniuersum
598 2455 734 2525 populum
747 2456 905 2510 Romanum
919 2458 1063 2509 accusaret
1078 2455 1119 2536 [7]

1130 2455 1138 2480 ‚
1241 2453 1243 2456 .

130 2527 239 2582 Ibidem
257 2533 305 2596 68,
322 2534 373 2582 123
399 2529 443 2582 ‘et
465 2527 598 2596 quoniam
620 2527 675 2581 huc
697 2543 742 2581 me
765 2526 895 2596 prouexit
913 2525 1016 2594 oratio,
1039 2525 1139 2580 histrio
1226 2589 1228 2593 ¹

15 2659 19 2664 ¹
130 2614 226 2652 casum
249 2614 342 2653 meum
363 2597 469 2653 totiens
492 2597 727 2665 conlacrumauit‚
751 2614 815 2652 cum
837 2597 879 2652 ita
898 2597 1025 2652 dolenter
1043 2599 1141 2667 ageret

130 2685 245 2724 causam
263 2686 364 2739 meam,
383 2672 416 2724 ut
434 2687 489 2724 uox
508 2669 567 2723 eius
586 2669 637 2723 illa
653 2669 798 2738 praeclara
811 2667 935 2723 lacrimis
949 2667 1140 2738 impediretur.

129 2740 227 2808 Neque
245 2744 355 2810 poetae,
375 2758 493 2810 quorum
511 2756 563 2809 ego
579 2756 688 2810 semper
701 2739 816 2810 ingenia
829 2739 924 2807 dilexi,
943 2739 1063 2809 tempori
1076 2756 1140 2794 meo

131 2810 291 2867 defuerunt:
320 2828 409 2880 eaque
436 2811 556 2882 populns
579 2811 722 2866 Romanus
749 2827 804 2865 non
834 2811 924 2865 solum
946 2810 1061 2880 plausu,
1090 2811 1139 2864 sed

130 2880 217 2936 etiam
239 2882 346 2952 gemitu
369 2899 420 2937 suo
444 2882 645 2952 comprobanit.
682 2882 784 2937 Vtrum
803 2882 892 2953 igitur
910 2882 980 2936 haec
998 2882 1140 2952 Aesopum
1218 2904 1220 2907 ’

129 2952 224 3024 potius
242 2970 296 3076 pro
320 2970 364 3008 me
387 2947 438 3008 aut
460 2953 599 3008 Accium
622 2953 714 3008 dicere
738 2953 875 3023 oportuit,
900 2953 924 3007 si
946 2953 1066 3023 populus
1084 2954 1141 3007 Ro·
1233 2959 1236 2967 '

129 3040 229 3078 manus
254 3024 315 3078 iher
329 3028 410 3095 esset,
426 3042 462 3079 an
476 3024 616 3095 principes
631 3024 790 3080 ciuitatis?’
820 3024 979 3080 Scholiasta
992 3022 1139 3079 Bobiensis

131 3095 168 3148 ad
187 3112 246 3164 cap.
262 3101 296 3149 to
317 3096 451 3150 ‘summus
466 3095 580 3168 artifex]
596 3099 675 3150 actor
688 3095 746 3150 illis
760 3095 933 3166 temporibus
947 3095 1139 3150 nobilissimus

129 3165 301 3236 tragicemm
323 3166 484 3222 fabularum
506 3169 633 3237 Aesopus
657 3166 748 3238 egisse
770 3167 883 3223 uidetur
900 3166 980 3222 Accii
1004 3166 1139 3235 fabulam,

129 3253 203 3304 quae
226 3237 358 3292 scribitur
374 3239 542 3309 Eurysaces,
565 3238 608 3293 ita
630 3241 663 3292 ut
684 3255 735 3308 per
758 3255 869 3293 omnem
892 3237 1010 3292 actionis
1029 3255 1140 3291 cursum

130 3311 258 3376 tempora
279 3308 321 3362 rei
339 3309 471 3378 publicae
490 3309 727 3381 significarentur,
747 3312 776 3364 et
794 3308 908 3378 quidem
926 3309 1066 3363 Ciceronis
1085 3310 1140 3362 for-

130 3382 200 3432 tuma
219 3379 430 3448 deploraretur!
459 3381 538 3435 idem
557 3380 594 3434 ad
608 3397 667 3450 cap.
684 3385 717 3434 57
738 3381 766 3434 ‘o
782 3380 919 3434 immunes
934 3379 1013 3451 Grai]
1025 3382 1057 3434 ct
1070 3379 1140 3432 haec

130 3449 217 3504 uerba
241 3453 307 3504 sunt
330 3451 365 3505 de
388 3451 548 3522 tragoedia,
572 3451 602 3505 in
620 3468 677 3520 qua
695 3451 812 3506 uerbum
830 3451 908 3505 istud
922 3450 1079 3504 inmunes
1097 3449 1139 3502 in·

164 3523 226 3575 atos
246 3520 401 3592 significat,
424 3539 507 3591 quem
526 3521 678 3577 admodum
697 3523 884 3594 [λειτουργοὺς
901 3521 919 3576 i.
939 3522 976 3591 e]
994 3520 1140 3576 munificos

149 3590 266 3646 icebant
288 3609 347 3662 eos,
372 3593 421 3660 qui
443 3593 518 3664 grati
542 3596 571 3647 et
593 3592 724 3648 liberales
746 3593 912 3648 extitissent.
950 3593 1024 3663 Ergo
1043 3608 1140 3650 uersus

928 3683 979 3735 14*
