2644 3982
170 203 235 266 292
343 203 391 256 EX
409 203 576 258 INCERTIS
594 202 836 258 INOER'I'ORVM
853 204 1006 258 PABVLIS

168 379 223 432 que
247 366 348 416 cetera.
385 380 452 416 nam
475 363 613 418 eiusmodi
637 366 703 417 sunt
725 363 752 417 ei
774 381 884 432 uersus,
908 367 940 417 ut
962 363 993 417 in
1013 366 1123 432 tempus
1142 363 1180 417 ab

169 433 284 488 inimico
312 433 428 504 Pompei
456 434 555 504 scripti
581 451 642 489 esse
669 434 827 488 uideantur.
856 434 890 489 Si
916 435 1041 503 nequc’
1069 450 1091 488 e.
1112 452 1138 502 q.
1159 452 1180 489 s.

171 506 215 559 ‘et
234 507 328 559 cetera
345 523 448 574 magno
469 523 532 559 cum
549 505 664 560 fremitu
683 509 712 560 et
730 506 852 560 clamore
871 509 937 560 sunt
955 505 1040 560 dicta.
1078 505 1181 560 Caesar

169 593 234 630 cum
255 575 379 630 uenisset
403 579 513 631 mortuo
532 576 646 646 plausu,
670 576 753 631 Curio
772 577 847 630 filius
865 580 909 646 est
926 577 1079 631 insecutus.
1115 577 1181 630 huic

169 647 211 701 ita
233 647 365 716 plausum
383 651 438 716 est,
463 650 495 701 ut
514 648 594 702 salua
612 665 641 702 re
659 647 775 717 publica
792 647 926 718 Pompeio
944 647 1043 718 plaudi
1062 647 1180 702 solebat.

168 717 237 771 tulit
259 718 362 773 Caesar
383 718 516 788 grauiter.
553 719 667 773 litterae
691 719 816 789 Capuam
840 721 876 773 ad
897 719 1062 788 Pompeium
1085 719 1182 773 uolarc

169 788 342 844 dicebantur.
380 789 488 843 inimici
506 793 588 844 erant
606 789 758 858 equitibus,
778 789 827 858 qui
841 789 955 844 Curioni
974 792 1081 844 stantes
1100 789 1180 860 plau-

169 864 272 930 serant,
291 861 386 915 hostes
407 861 556 916 omnibus!
593 861 723 916 Valerius
742 861 881 914 Maximus
900 861 939 915 Vl
954 867 982 929 2,
998 867 1014 914 9
1035 860 1182 930 ‘Diphilus

168 933 330 1001 tragoedus,
348 950 412 986 cum
427 932 638 1002 Apollinaribus
656 931 730 985 ludis
745 931 819 987 inter
833 935 928 986 aetum
942 933 979 986 ad
994 948 1057 985 eum
1071 949 1183 986 uersum

169 1003 308 1072 uenisset,
331 1003 363 1057 in
385 1021 441 1072 quo
462 1003 532 1058 haec
551 1003 692 1058 sententia
710 1003 882 1058 continetur:
904 1002 1044 1057 miseria
1062 1005 1182 1056 nostra

169 1091 310 1144 magnus
339 1078 395 1143 est,
423 1074 542 1129 derectis
568 1075 597 1128 in
621 1074 785 1144 Pompeium
808 1075 944 1144 Magnum
966 1074 1097 1128 manibus
1119 1091 1183 1144 pro-

169 1144 326 1214 nuntiauit,
346 1149 549 1214 reuocatusque
569 1145 738 1214 aliquotiens
758 1163 775 1199 a
793 1145 898 1215 populo
917 1145 976 1198 sine
995 1145 1055 1199 ulla
1069 1149 1183 1199 cuncta·

170 1217 247 1270 tione
270 1216 375 1270 nimiae
398 1217 480 1271 illum
503 1219 532 1271 et
553 1216 742 1271 intolerabilis
761 1217 906 1286 potentiae
924 1233 1004 1270 reum
1021 1219 1104 1286 gestu
1121 1233 1184 1286 per-

171 1291 333 1342 seueranter
360 1287 427 1357 egit.
470 1289 570 1342 eadem
595 1288 757 1357 petulantia
783 1305 849 1341 usus
882 1290 926 1341 est
952 1287 983 1341 in
1011 1303 1045 1342 ea
1072 1304 1184 1356 quoque

170 1361 263 1427 parte:
283 1358 449 1413 uirtutem
467 1359 627 1414 istam...
642 1359 775 1429 gemes'
813 1358 854 1413 (tf.
873 1357 938 1413 hist.
958 1360 1031 1429 trag.
1047 1365 1106 1413 545.

242 1479 257 1526 2
275 1489 372 1543 gemas
386 1475 490 1529 Valerii
503 1475 587 1529 Bora.
643 1480 660 1528 3
674 1476 845 1530 octonarium
858 1475 1004 1529 iambicam
1017 1475 1096 1532 hebet
1109 1474 1184 1529 Bae:

171 1546 291 1599 trochaei
308 1546 500 1612 paulianeste
519 1548 548 1598 te
563 1553 626 1614 post
643 1545 720 1615 leges

629 1721 726 1780 LXIV

171 1815 189 1886 ‘.
213 1873 220 1886 .
243 1820 301 1885 ubi
323 1842 382 1885 nec
404 1819 631 1905 Pelopidarum
655 1823 740 1886 fricta
762 1845 866 1907 neque
888 1823 1008 1886 famam
1031 1821 1167 1886 audiam.

243 1951 339 2006 Cicero
363 1952 399 2004 ad
423 1951 647 2020 fam.VII30,l
679 1951 760 2006 ‘hinc
788 1951 849 2021 ipse
877 1951 1018 2006 euolare
1046 1951 1128 2021 cupio
1157 1953 1189 2005 et

174 2022 270 2090 aliquo
288 2021 443 2092 peruenire,
463 2021 522 2075 ubi
539 2039 599 2076 neo
618 2022 863 2093 Pelopidarum
880 2038 999 2076 nomen
1016 2039 1077 2076 nec
1090 2022 1189 2077 facta

174 2093 331 2148 audiam’
360 2094 439 2148 Idem
458 2094 494 2148 ad
512 2094 578 2148 fam.
593 2094 645 2148 Vll
660 2101 693 2148 28
714 2093 844 2164 ‘pedibus
862 2109 892 2146 es
911 2096 1075 2147 consecutus
1094 2096 1127 2147 ut
1145 2093 1190 2147 ibi

174 2181 262 2234 esses,
285 2164 336 2219 ubi
358 2181 419 2219 neo
437 2164 693 2234 Pelopidarum,
708 2164 795 2219 'nosti
818 2165 930 2220 cetera!
969 2164 1047 2218 Idem
1071 2165 1108 2218 ad
1126 2165 1188 2221 Att.

173 2236 225 2291 XV
240 2242 287 2305 11,
302 2241 318 2289 3
339 2235 451 2304 ‘itaque
469 2234 524 2289 etsi
542 2252 578 2290 ne
597 2238 682 2289 antea
699 2235 813 2303 quidem
832 2234 975 2303 dubitaui,
998 2238 1095 2290 tamen
1112 2253 1190 2290 nunc

174 2323 207 2360 eo
227 2305 329 2374 minus,
349 2306 488 2361 auolare
506 2306 573 2360 hinc
590 2304 676 2374 idque
690 2305 918 2376 quamprimum,
937 2305 996 2360 ubi
1014 2323 1075 2361 nec
1088 2306 1189 2361 Pelo-

173 2377 333 2445 pidarum
352 2377 446 2431 facta
464 2393 572 2445 neque
590 2377 715 2431 famam
733 2376 889 2432 audiam'
919 2377 959 2432 cf.
978 2376 1054 2432 idern
1073 2378 1109 2431 ad
1127 2378 1188 2434 Att.

176 2449 306 2517 1X10,2
336 2447 412 2501 ‘dies
435 2450 464 2502 et
489 2447 580 2502 noctis
603 2450 749 2517 tamquam
773 2447 833 2502 auis
855 2447 909 2502 illa
931 2465 1007 2502 mare
1030 2452 1189 2518 prospecto,

175 2519 314 2572 euolare
333 2518 437 2587 cupio‘
466 2519 545 2572 idem
564 2519 600 2572 ad
618 2520 677 2574 Att.
695 2519 760 2572 XIV
788 2525 861 2588 las
883 2518 995 2586 ‘itaque
1013 2518 1088 2574 exire
1107 2536 1189 2589 aueo,

174 2589 234 2644 ubi
265 2606 325 2644 nec
356 2588 613 2659 Pelopidarum,
645 2589 758 2659 inquit'
801 2590 880 2644 Idem
906 2590 978 2644 Phil.
1002 2589 1067 2643 Xlll
1085 2595 1132 2660 21,
1152 2596 1191 2644 la

178 2659 297 2714 ‘moueri
320 2658 433 2714 sedibus
456 2659 522 2713 huic
544 2659 608 2714 urbi
630 2661 731 2715 melius
755 2663 799 2715 est
821 2663 907 2729 atque
925 2660 956 2713 in
974 2660 1059 2730 alias,
1085 2660 1109 2714 si
1127 2661 1192 2715 fieri

175 2731 278 2801 possit,
302 2734 390 2785 terras
410 2729 579 2800 demigrare,
599 2732 673 2786 unde
691 2731 918 2786 Antoniorum
935 2748 995 2786 nec
1014 2731 1191 2786 laetanea

175 2819 294 2856 nomen
312 2802 447 2870 audiat,
466 2803 566 2870 quam’
588 2818 611 2856 e.
630 2820 657 2870 q.
677 2821 698 2858 s.
735 2802 860 2872 Ascripsi
878 2804 964 2857 Atreo
983 2801 1070 2858 Accii.

247 2916 378 2971 euolandi
400 2919 477 2973 ambo
500 2919 531 2988 (e.
547 2935 571 2980 c.
596 2917 706 2972 euclem
727 2920 810 2974 initio
827 2922 862 2988 o.)
881 2936 947 2973 aum
962 2925 1045 2987 poeto
1064 2934 1131 2972 cous
1149 2920 1190 2974 sit

176 2991 320 3044 umectam:
352 2990 458 3059 reliquo
490 2991 691 3044 recoacr'cmooi.
728 2992 863 3060 latepram
891 3007 997 3044 ceram
1024 2988 1074 3042 ubi
1101 3007 1127 3043 n.
1157 2989 1191 3044 P.

176 3076 279 3114 nomen
296 3076 347 3114 neo
366 3059 443 3114 facta
462 3061 512 3113 aut
529 3058 636 3114 famam
654 3077 678 3114 a.
697 3062 763 3128 fecit
780 3061 899 3116 Bottius

643 3245 724 3302 LXV

126 3348 377 3432 120Thespr6te,
400 3346 427 3409 si
451 3346 523 3429 quis
545 3347 701 3431 sanguine
726 3347 873 3411 exortem
896 3351 953 3412 tuo

186 3454 316 3518 Prolem
337 3450 515 3515 intereras
538 3452 740 3535 s<cicrifieas>
763 3474 885 3517 sacram
908 3453 1068 3538 immolet,

189 3559 274 3636 Quid
300 3558 434 3621 me‘ritus
461 3557 514 3620 hic
537 3558 593 3641 sit,
622 3558 837 3643 dubium<ne>
861 3583 901 3624 an
924 3561 1074 3643 cuiquam
1097 3559 1196 3626 fuat?
