2648 3978
558 201 589 267 Q.
608 201 744 257 ENNIVS

516 405 659 466 Manna
681 405 788 464 nm

644 531 660 590 I

590 631 712 698 Nutrix

34 725 37 730 ¹
142 737 279 802 Vtinam
303 738 401 803 nain
423 759 553 802 nemore
576 737 666 803 Pelio
690 737 854 803 securibus
1159 755 1211 804 205

145 843 246 908 Caesa
269 843 442 909 accedisset
465 845 604 931 abiegna
627 845 668 910 ad
690 845 809 910 terram
832 843 954 929 trabes,

143 951 236 1016 Neue
260 950 334 1015 inde
357 951 450 1016 nauis
472 950 646 1016 incohandi
669 950 837 1016 exordium

144 1056 325 1143 Coepisset,
350 1079 431 1142 quae
452 1079 539 1123 nunc
561 1058 748 1123 nominatur
769 1058 900 1122 nomine

143 1163 249 1251 Argo,
273 1165 350 1250 quia
372 1162 489 1252 Argiui
512 1165 547 1230 1‘n
571 1186 608 1229 ea
630 1163 749 1229 delecti
768 1165 832 1230 uiri
1144 1186 1156 1223 s

142 1271 243 1336 Vectr'
262 1271 417 1356 petebant
438 1271 557 1356 pellem
579 1272 760 1336 inauratam
782 1271 892 1336 arietis
1158 1289 1210 1336 111

143 1376 288 1463 Colchis,
311 1377 447 1462 imperio
471 1377 556 1464 re'gis
579 1375 699 1462 Peliae,
721 1379 780 1462 per
803 1377 920 1442 dolum.

141 1484 229 1549 Nam
256 1487 434 1568 numquam
461 1506 515 1548 era
541 1505 650 1548 errans
673 1485 745 1548 mea
767 1483 862 1550 domo
885 1483 1021 1549 ecferret
1043 1485 1157 1569 pedem

141 1590 270 1675 Mede‘a,
293 1591 402 1654 animo
427 1612 535 1677 aegra,
558 1591 667 1654 amore
690 1611 786 1655 saeuo
810 1593 926 1656 saucia.

214 1730 316 1784 Manus
335 1729 411 1783 Exvn
435 1745 469 1783 ex
486 1728 630 1799 Euripidis
648 1729 749 1784 Medea
773 1746 916 1799 expressas
940 1730 1036 1786 Cicero
1055 1731 1155 1788 defin.

140 1801 226 1871 1·a‚4
246 1802 281 1854 de
300 1800 386 1854 titulo
405 1799 440 1855 cf.
460 1799 555 1855 coroll.
570 1800 660 1854 XXIX

212 1872 296 1927 Rhet.
316 1871 352 1926 ad
365 1871 486 1926 Herenn.
501 1872 527 1925 11
541 1877 584 1940 22,
599 1877 634 1925 34
654 1871 715 1924 ‘hic
733 1870 763 1924 id
782 1871 858 1939 qnod
877 1874 1032 1926 extremum
1048 1873 1156 1927 dictum

139 1946 185 1998 est
208 1942 279 1997 satis
302 1941 357 1996 fuit
381 1959 530 2012 exponere,
555 1959 591 1997 ne
614 1942 736 1996 Ennium
759 1944 788 1996 et
810 1945 917 1997 ceteros
940 1948 1039 2013 poetas
1062 1944 1155 1998 imite-

140 2031 216 2084 mur,
240 2013 343 2082 quibus
366 2014 420 2068 hoc
438 2015 521 2069 modo
540 2013 620 2082 loqui
638 2030 800 2068 concessum
824 2018 879 2071 est:
904 2015 997 2086 [1-7]
1016 2015 1090 2068 Nam
1108 2015 1154 2069 hic

139 2085 212 2140 satis
241 2088 304 2139 erat
330 2085 436 2154 dicere,
470 2085 495 2140 si
521 2085 552 2138 id
579 2086 677 2155 modo,
707 2085 783 2153 quod
811 2085 880 2148 11111
908 2089 995 2155 11111,
1024 2090 1155 2141 curarent

138 2159 256 2226 poetae:
275 2155 387 2210 utinam
404 2173 439 2211 ne
459 2173 507 2210 era
526 2173 620 2211 errans
639 2173 703 2210 mea
721 2157 747 2211 d.
767 2173 790 2210 e.
809 2157 848 2226 p.’
869 2156 1008 2226 (additum
1026 2157 1056 2210 in
1073 2157 1153 2212 codd.

138 2228 283 2298 plerisque
301 2231 413 2297 praeter
426 2229 488 2284 Par.
503 2231 534 2282 Π
549 2246 574 2283 v.
590 2233 606 2281 9
626 2245 643 2282 a
661 2227 777 2282 librario
795 2227 878 2281 docto
893 2227 995 2281 statuit
1009 2227 1099 2298 Marx)
1114 2232 1152 2296 (a)

139 2299 238 2354 Cicero
267 2299 302 2352 de
329 2299 390 2353 fato
410 2304 456 2368 16,
472 2305 505 2353 35
535 2300 585 2352 ‘ex
608 2299 661 2352 hoc
683 2315 785 2368 genere
808 2297 880 2351 illud
904 2301 948 2352 est
969 2298 1043 2352 Enni
1066 2300 1103 2370 [1.
1124 2301 1151 2372 2]

138 2370 234 2425 Licuit
253 2369 300 2424 uel
319 2369 418 2426 altius:
437 2369 547 2424 utinam
564 2386 600 2424 ne
618 2369 649 2424 in
664 2369 744 2424 Pelio
761 2371 831 2424 nata
849 2368 909 2422 ulla
926 2387 1060 2438 umquam
1079 2373 1153 2425 esset

137 2443 236 2498 arbor!
257 2441 344 2496 etiam
363 2459 459 2511 supra:
478 2441 588 2496 utinam
605 2457 641 2495 ne
660 2443 735 2496 esset
753 2458 832 2494 mons
851 2439 925 2493 ullus
943 2440 1051 2497 Pelius!
1076 2441 1152 2495 simi-

139 2513 262 2581 literque
295 2511 440 2582 superiora
467 2514 641 2583 repetentem
668 2512 779 2582 regredi
805 2510 915 2565 infinite
942 2511 1017 2566 licet.
1060 2513 1151 2568 Neue

138 2583 219 2638 inde
236 2629 241 2639 .
255 2627 278 2638 ..
295 2583 476 2654 coepisset.
506 2583 643 2649 Quorsum
657 2583 727 2637 haec
740 2581 913 2653 praeterita?
941 2583 1013 2649 Quia
1027 2584 1154 2654 sequitur

138 2653 212 2708 illud
244 2655 282 2726 [8.
307 2657 335 2780 1))
366 2673 424 2710 non
451 2657 483 2709 ut
511 2671 561 2709 eae
588 2671 632 2709 res
660 2671 776 2709 causam
802 2654 945 2709 adferrent
972 2655 1086 2710 amoris'
1113 2657 1152 2726 (b)

138 2726 217 2780 Idem
240 2743 292 2795 pro
338 2726 411 2780 aelio
431 2727 607 2795 8,18'‘qu0
630 2725 693 2780 loco
715 2743 830 2796 possum
852 2725 945 2780 dicere
968 2725 998 2780 id
1019 2728 1095 2795 quod
1110 2771 1115 2783 .
1128 2771 1151 2783 ..

138 2797 257 2852 Crassus
329 2797 415 2867 paulo
435 2800 501 2852 ante
520 2797 605 2866 dixit,
629 2797 761 2852 utinam
779 2813 819 2850 ne
838 2796 873 2850 in
889 2813 1024 2852 nemore
1043 2797 1151 2866 Pelio,

138 2886 172 2923 ac
191 2868 306 2938 longius
326 2867 440 2937 quidem
457 2867 529 2922 mihi
552 2871 699 2924 contexere
721 2868 775 2922 hoc
798 2885 910 2922 carmen
928 2867 1033 2924 liceret.
1070 2869 1152 2923 Nam

137 2957 334 3064 ilriurrdrquam¹
358 2956 415 2994 era
446 2957 568 3021 errans·
597 2941 670 3081 11))
692 2938 1152 3065 Ι1111111111111(11111111ω111ἓ11111ᾐ1

174 3027 260 3066 111
279 3027 601 3067 ammo...saucra.
644 3029 659 3064 0
715 3026 852 3064 nscranus
891 3027 969 3065 eme
1009 3029 1021 3065 s
1065 3028 1151 3066 eren.

49 3131 55 3148 ,
138 3099 161 3136 c.
181 3089 196 3136 2
216 3101 245 3152 p.
265 3087 335 3136 1325
347 3082 379 3136 P.
410 3083 476 3136 ‘nec
495 3081 586 3136 solum
604 3081 704 3137 cornici
721 3080 914 3136 huiuscemodi
932 3085 998 3136 sunt
1016 3082 1061 3136 usi
1078 3083 1152 3138 iam·

137 3152 194 3222 bis,
223 3153 275 3206 sed
298 3152 386 3207 etiam
407 3153 511 3223 tragici
533 3152 730 3220 uetustissimi,
758 3155 790 3206 ut
812 3152 941 3206 Ennius
964 3153 995 3207 in
1017 3154 1149 3210 Medea:

137 3225 244 3348 ἓ-ΒΓ
265 3224 306 3295 (d)
324 3223 403 3278 Idem
416 3223 482 3279 inst.
496 3243 522 3294 p.
541 3229 591 3278 751
606 3225 636 3280 P.
658 3223 791 3279 ‘trabes
805 3241 856 3294 pro
870 3225 949 3279 trabs
962 3225 1150 3294 proferebant.

162 3295 246 3349 nnius
260 3294 292 3348 in
304 3296 417 3351 Medea:
433 3296 470 3368 [1.
481 3297 524 3368 2]’
540 3299 577 3366 (e)
591 3296 680 3350 Varro
695 3296 730 3349 de
744 3294 761 3349 l.
777 3294 795 3351 l.
810 3296 863 3350 VH
876 3301 910 3349 33
924 3295 962 3351 M.
978 3295 1030 3350 ‘sic
1043 3296 1152 3351 dictum

138 3383 155 3420 a
172 3366 355 3436 quibusdam,
374 3369 477 3420 utana
491 3383 583 3436 canes,
602 3385 658 3421 una
677 3366 795 3421 trabes
811 3411 816 3421 .
830 3411 852 3421 ..
867 3366 987 3422 Enniusz
1006 3367 1043 3438 [1.
1059 3369 1099 3440 2]’
1115 3368 1151 3437 (f)

139 3437 332 3502 Quintilianus
347 3437 373 3492 V
388 3443 430 3508 10,
445 3443 479 3492 84
500 3439 609 3493 ‘causas
628 3455 686 3492 non
704 3436 801 3506 utique
817 3437 857 3492 ab
876 3437 976 3492 ultimo
996 3455 1056 3492 esse
1073 3455 1151 3509 repc-

138 3509 252 3578 tendas,
279 3512 311 3563 ut
334 3508 447 3578 Medea,
475 3509 607 3564 utinam
628 3553 633 3565 .
651 3554 655 3564 .
673 3554 678 3564 .
698 3509 806 3578 Pelio,
833 3509 914 3576 quasi
941 3525 1008 3564 uero
1033 3509 1064 3562 id
1089 3527 1152 3564 eam

137 3579 237 3634 fecerit
246 3580 379 3634 miseram
389 3584 439 3634 aut
447 3583 603 3651 nocentem,
616 3580 761 3649 quodillic
775 3579 967 3634 ceciderint
981 3579 1150 3648 abiegnae

191 3680 272 3721 Scaea.
287 3691 349 3728 poor.
363 3681 428 3721 Rom.
442 3681 524 3732 fragm.
539 3681 573 3721 ed.
589 3681 704 3721 Brasaca.
974 3674 990 3718 4
