2662 3978
532 207 568 259 Μ.
588 205 767 260 PACVVIVS
1089 207 1152 271 137
1231 149 1234 159 ¹

138 367 229 422 iratus
247 365 339 420 furere
357 367 436 420 luctu
454 365 506 419 filii
524 365 675 420 uideretur.
712 366 752 419 At
769 365 845 420 idem
863 365 965 420 inflexa
984 367 1021 420 ad
1038 367 1153 425 misera

138 438 227 492 bilem
241 454 340 492 sonum
353 454 435 493 uoce.
456 454 553 506 quom
568 439 722 518 aetate.
735 437 909 492 .traditus
922 437 991 492 flens
1007 455 1040 492 ac
1053 439 1152 508 lugens

139 509 232 562 dicere
260 507 417 563 uidebatur
456 507 533 589 Quae
561 508 585 561 si
612 507 662 561 ille
689 481 802 576 histrio,
831 508 935 562 cotidie
961 526 1024 563 cum
1047 513 1152 580 ageret,

138 584 236 634 tamen
263 582 339 634 recte
365 595 448 650 agere
472 579 532 634 sine
556 579 651 660 dolore
674 596 731 633 non
753 553 877 660 11111111·
906 579 975 648 quid
997 581 1152 636 Pacuuium

137 650 275 721 putatis
267 669 298 704 m
317 651 465 706 scribendo
483 650 541 704 leni
561 650 654 704 animo
673 667 706 704 ao
724 649 839 705 remisso
858 650 963 732 fuisse?
981 651 1056 706 Fieri
1074 652 1153 706 nullo

49 727 58 748 “
138 723 223 776 modo
249 722 364 803 potuit!
401 721 510 776 Ibidem
528 721 568 776 ΠΙ
587 727 633 790 58,
654 726 705 774 211
735 721 829 775 ‘aliud
857 721 932 776 enim
958 721 1036 777 uocis
1064 740 1152 793 genus

137 792 287 848 iracundia
310 793 365 847 sibi
389 793 486 863 sumit,
512 796 638 862 acutum,
661 791 824 862 incitatum,
849 793 944 860 crebro
967 793 1151 850 incidens...

139 868 168 920 et
191 881 227 918 ea
244 880 317 932 quae
334 867 366 919 tu
386 864 504 933 dudum,
524 864 629 918 Antoni
636 863 819 934 ,protulistis
838 881 1022 934 segregare
1042 839 1152 920 abste

140 937 263 990 ausus!

215 1049 334 1096 lausus
352 1045 434 1112 nnlpo
506 1041 677 1096 Salaminem
694 1042 786 1098 Lend.
811 1041 985 1097 Salaminam
1002 1043 1116 1114 Lepon
1135 1049 1152 1096 4

140 1113 326 1184 Salaminarp
398 1119 519 1182 aquom
537 1114 599 1168 Erl.
618 1131 652 1167 rn
668 1131 727 1182 pr,
751 1114 864 1170 Atrine
887 1131 950 1168 cum
967 1114 1151 1194 1119011111-

139 1193 217 1270 quot,
239 1186 310 1240 Gari
327 1200 500 1266 equemp,
519 1186 648 1264 probavit
637 1185 845 1240 tHerrnarnene
913 1184 1067 1266 3extinxti
1086 1185 1152 1240 Ma-

138 1259 236 1312 nntins
263 1255 439 1310 exstinoxisti
462 1257 524 1310 Erl.
553 1253 699 1310 extinxisti
722 1276 743 1324 φ
818 1263 835 1310 t
862 1272 953 1324 neque
981 1255 1040 1310 eius
1068 1254 1151 1337 grati,

139 1329 247 1384 litterae
269 1345 283 1380 r
305 1328 474 1396 corruptelae
497 1329 575 1410 sip-no
597 1343 684 1395 snpra
705 1328 825 1396 inposito
842 1327 954 1382 Abrtne.
979 1343 1070 1408 neque
1092 1326 1151 1380 eius

139 1398 212 1454 crati
235 1399 311 1467 Eri,
335 1399 435 1453 lineola
456 1400 516 1453 ooce'
539 1397 598 1451 eius
616 1399 756 1453 subcincta.
792 1414 883 1466 neque
902 1398 982 1468 gnati
1001 1397 1060 1452 eius
1079 1399 1151 1453 Her-

138 1487 259 1524 rnannns
320 1468 411 1523 tutela
423 1471 473 1540 est
491 1470 552 1524 Erl.
571 1468 690 1522 tutelast
709 1469 791 1525 Harl.
810 1470 923 1525 Atrine.
995 1468 1152 1523 Miseritum

139 1543 184 1596 111
202 1547 322 1596 secntnrn
339 1557 393 1595 esse
410 1542 519 1596 oidetnr
537 1539 698 1596 Hernornro

614 1725 688 1783 xru
772 1705 774 1708 ’

632 1835 713 1898 mihi
737 1836 870 1900 classem
893 1835 1031 1920 imperat

140 1941 331 2007 Thessalum
345 1941 552 2025 nostramque
566 1940 601 2004 in
611 1941 712 2005 altum
721 1944 759 2005 ut
767 1942 948 2026 pro'periter
959 1941 1153 2006 deducerem.
1238 2028 1241 2033 ⁸

139 2063 284 2205 peram.
305 2068 400 2160 15,5,l
430 2061 616 2132 ‘properatim
639 2065 669 2116 et
690 2061 898 2132 properiter,
925 2061 1063 2132 celeriter,
1090 2079 1154 2131 pro-

215 2247 228 2295 1
252 2240 373 2311 imperat
395 2240 536 2296 Mercerns
558 2239 691 2310 impetrat
708 2261 729 2294 ω
802 2238 1004 2293 2Τ11111111111
1024 2241 1064 2294 ed.
1085 2243 1153 2293 1526

194 2311 323 2366 nauitam
342 2313 437 2367 Vrbin.
456 2317 508 2366 308

612 2425 683 2482 XIV

140 2531 267 2622 Rapido
290 2540 376 2600 retro
401 2536 545 2618 citroque
568 2535 691 2618 percito
715 2535 805 2598 ee'stu
825 2534 1033 2618 praecipitem
1052 2538 1153 2600 ratem

140 2643 367 2727 Reciprocare,
389 2635 556 2725 undaeque
579 2663 597 2706 e
619 2641 751 2726 gremiis
773 2639 953 2706 subiectare
976 2641 1127 2729 adfligere

213 2765 313 2818 Festus
326 2782 354 2844 p
370 2768 421 2816 274
435 2761 472 2816 M.
494 2761 725 2832 ‘reciprocare
743 2779 794 2831 pro
809 2762 883 2817 ultro
899 2762 1025 2830 citroque
1038 2779 1153 2832 poscere

141 2835 187 2890 usi
206 2838 272 2889 sunt
290 2833 413 2902 antiqui,
433 2833 501 2901 quia
517 2849 633 2903 procare
652 2837 695 2887 est
711 2834 846 2902 poscere'
879 2833 1030 2903 Paulusp.
1049 2835 1153 2900 21511.

144 2907 376 2976 ‘reciprocare
407 2922 458 2974 pro
490 2904 564 2959 ultro
596 2904 735 3003 citroque
754 2921 919 2974 poscere..
938 2922 1078 2974 procare
1111 2907 1154 2960 est

141 2994 270 3049 poscere.
290 2977 377 3030 unde
396 2992 480 3044 eque
498 2975 638 3045 gremiis
658 2994 678 3030 s.
699 2977 735 3030 e.'

215 3091 230 3138 1
249 3085 289 3139 sic
302 3083 460 3137 Buechelerr'
469 3089 536 3151 part
537 3085 574 3136 e'rn
587 3084 697 3154 ingenio
711 3084 791 3137 edint
780 3091 824 3137 tns
837 3084 942 3150 effinon'.
970 3081 1070 3152 rapido
1084 3082 1153 3136 reoi-

141 3173 227 3238 proco
245 3153 353 3225 percito
370 3156 489 3222 augusto
504 3153 591 3206 citare
607 3156 712 3207 rectem
726 3157 782 3209 cod
797 3153 895 3223 rapide
908 3153 1045 3234 percitam
1060 3157 1154 3208 aestus

143 3227 233 3288 ociter
253 3229 344 3279 ratem
362 3225 541 3280 Hermonassa
562 3223 661 3294 rapido
685 3224 759 3278 ultro
783 3224 909 3306 citroque
931 3224 1055 3295 percitae
1074 3228 1154 3280 aestu

142 3301 194 3368 (nel
214 3300 320 3366 austro)
339 3295 522 3377 praecipitem
540 3297 630 3349 ratem
648 3297 710 3350 Bne
781 3302 796 3348 2
815 3295 988 3366 reciprocare
1006 3298 1063 3352 scil.
1081 3299 1156 3352 nenti

196 3369 346 3448 undaeque
370 3383 384 3420 e
406 3365 520 3436 gremiis
545 3366 702 3420 subiectare
726 3366 859 3436 adfligere
878 3369 1057 3422 Hermionaea
1081 3367 1155 3448 unde

142 3458 215 3510 eque
234 3438 348 3510 gremiis
368 3437 525 3492 subiectare
545 3437 666 3506 adfigere
685 3439 741 3492 cod
762 3439 839 3493 Festi
858 3438 1022 3520 undaeque
1040 3437 1154 3508 gremiis

142 3512 303 3568 sublectare
332 3527 364 3564 ac
392 3510 477 3578 figere
505 3509 612 3564 Penius
639 3508 731 3562 undae
759 3524 829 3577 eque
857 3509 970 3636 gremiis
994 3527 1015 3563 s.
1040 3527 1064 3564 a
1093 3510 1155 3564 Bne

141 3585 264 3638 harenas
283 3582 447 3652 intellegeres,
466 3582 512 3635 secl
529 3583 620 3634 ratem
637 3582 690 3636 hae
708 3597 811 3651 qnoque
824 3589 888 3650 pert
888 3583 945 3636 r'net
