2682 3980
179 203 242 266 162
594 203 621 255 L.
642 201 768 258 ACCIVS

660 371 707 430 ΙΠ

177 472 282 537 Derim
300 476 452 558 regnator
469 473 563 536 n6ete
583 493 675 537 caeca
688 472 812 537 eaelum
827 493 843 536 e
858 475 1030 555 conspeetu
1045 472 1189 552 abstulit,

250 593 361 648 Servius
379 594 450 648 Dan.
471 593 501 646 in
519 594 587 649 Aen.
607 594 620 646 I
638 599 671 649 88
692 591 911 663 ‘eripienti
931 610 953 648 e.
975 593 1150 648 abstollant’
1237 663 1241 669 Ι
1332 649 1333 652 ,

660 762 705 821 IV

178 863 285 928 Flricti
307 863 563 928 inmiserie6rdes
586 863 702 946 iacere,
725 864 829 926 taetra
852 862 892 926 ad
915 885 991 927 saxa
1014 863 1153 928 adlidere

249 985 321 1040 Non.
341 989 401 1053 488,
418 989 450 1037 12
471 983 591 1038 ‘flueti
609 1000 659 1053 pro
678 983 787 1038 fluetus.
824 983 925 1044 Accius
944 983 1041 1037 Telefo
1057 983 1190 1039 ...idem

180 1055 435 1127 Clytaemystra
451 1055 504 1110 ...’

249 1164 342 1217 taetra
357 1162 497 1217 Mercerua
516 1164 611 1215 aetera
624 1163 672 1216 Ba
691 1165 720 1216 et
738 1164 818 1216 aetra
832 1182 853 1230 φ
869 1167 977 1231 excepto
990 1161 1029 1216 W
1039 1163 1087 1232 qai
1104 1168 1190 1216 totum

178 1251 271 1290 vernes
289 1235 435 1289 dimidium
452 1235 552 1288 omittit

669 1330 698 1387 V

126 1404 161 1540 ἓξ
179 1432 313 1497 Pe'etore
341 1431 528 1496 incohatum
555 1431 678 1495 fulmen
703 1432 865 1495 flemmam
889 1430 1190 1497 oste11tab2st10ujs⁸

251 1551 362 1607 Servius
386 1552 457 1606 Dan.
485 1551 516 1604 in
538 1552 607 1606 Aen.
632 1553 698 1605 144
728 1551 826 1605 ‘illum
854 1551 1028 1622 expirantem
1055 1553 1188 1606 transfixo

180 1627 293 1694 pectore
315 1623 442 1676 flammae
461 1621 585 1676 Turbine
608 1622 755 1695 corripuit]
774 1623 881 1678 Probus
901 1626 930 1677 et
947 1626 1099 1693 tempore
1118 1623 1190 1694 legit

239 1695 289 1748 sed
312 1693 360 1762 qui
383 1694 482 1763 legunt
504 1696 656 1762 pectore,
681 1693 715 1747 de
738 1693 824 1748 Accio
847 1694 1017 1749 translatum
1040 1694 1189 1762 affirmant,

181 1765 229 1834 qui
253 1764 295 1819 ait
318 1765 348 1818 in
367 1764 551 1833 Clytemestra
574 1765 609 1818 de
628 1764 733 1818 Aiace
749 1765 801 1820 ...’
842 1765 1035 1820 Antecedebat
1052 1765 1115 1820 fort.
1135 1765 1189 1821 ine.

180 1837 235 1892 ine.
254 1836 312 1890 fab.
332 1835 408 1890 XXI:
428 1835 462 1890 ef.
481 1837 553 1905 trag.
572 1836 652 1891 Rom.
667 1841 727 1890 463.

252 1942 282 1996 in
295 1945 407 2012 pectore
418 1941 536 2008 Servius,
550 1943 622 2012 qaod
634 1943 700 1996 olim
713 1943 745 1997 m
758 1945 834 1998 erite
846 1960 939 1998 aereae
948 1945 1032 2012 porei
1084 1942 1191 1996 fulmen

181 2015 346 2068 inchoatum
365 2013 486 2068 Servius:
505 2014 540 2080 cf.
559 2014 649 2067 ceroti.
669 2013 695 2066 L

664 2181 707 2238 VI

185 2283 250 2348 Grir
272 2305 324 2348 me
347 2283 496 2347 miseram
519 2282 651 2368 inridet,
674 2282 800 2369 magnis
822 2283 1004 2366 etmpotem
1027 2287 1060 2347 et
1079 2282 1192 2347 multis

819 2389 935 2454 malis?

252 2511 325 2566 Non.
341 2516 401 2578 621,
416 2515 452 2563 27Ὶ
471 2511 677 2579 ‘compotem
695 2511 786 2565 bonae
805 2510 846 2564 rei
864 2509 955 2565 solum
974 2510 1030 2564 dici
1049 2479 1192 2566 existima·

183 2585 236 2652 tur,
257 2599 321 2636 eum
338 2581 425 2635 etiam
444 2580 519 2635 mala
538 2579 568 2634 in
586 2596 615 2635 re
633 2581 757 2651 positum
776 2581 832 2638 sit’

253 2705 333 2742 meae
347 2699 384 2758 ψε
399 2706 438 2742 aa
451 2703 512 2741 mee
526 2688 653 2743 Acciana
666 2687 824 2760 scriptura?
842 2690 877 2756 cf.
891 2707 915 2745 a.
931 2694 947 2742 8
962 2696 988 2744 et
1002 2694 1035 2743 53
1080 2678 1192 2759 magnis

187 2759 303 2830 Lipsius
320 2758 411 2828 magis
430 2779 451 2812 ω

657 2857 717 2916 VH

185 2957 314 3024 Scibam
328 2957 410 3021 hanc
424 2955 505 3021 mihi
519 2959 700 3041 supremam
714 2958 819 3023 lucem
833 2961 865 3023 et
879 2959 991 3023 se‘ruiti
1006 2959 1103 3023 finem
1116 2959 1192 3023 dari.

254 3078 326 3144 Nan.
347 3093 438 3158 226,8
459 3085 651 3160 ‘[seruitus]
670 3088 783 3144 neutri.'

256 3203 355 3260 seruiti
373 3205 491 3259 Bothies
510 3203 654 3259 seruitutis
673 3203 803 3274 (seraitae
822 3205 858 3274 L)
877 3226 898 3258 ω
917 3203 1027 3258 seruitii
1047 3205 1155 3260 Vossius

649 3353 725 3413 VHI

186 3507 193 3520 .
218 3508 224 3522 .
248 3507 255 3522 .
279 3461 316 3521 ut
339 3458 420 3541 quae
443 3461 514 3521 tum
537 3457 701 3522 absentem
724 3455 819 3520 rebus
843 3455 949 3520 dubiis
972 3456 1140 3543 e6niugem
1246 3549 1247 3553 Ἰ

185 3563 356 3650 (tennerit,
379 3586 464 3629 nune
486 3563 602 3648 predae
624 3563 786 3627 ultorem?

1323 3267 1333 3318 t
