2682 3980
553 249 582 302 L.
601 248 728 304 ACCIVS
1082 251 1143 313 171

132 409 233 463 Accius
252 408 283 463 in
301 408 563 479 Amphitryone:
588 410 673 464 eedo'
695 427 718 466 e.
737 428 763 479 q.
784 428 804 464 s.
833 411 904 464 Non.
920 416 984 478 166,
1000 415 1034 463 20
1054 391 1145 464 ‘rid-

132 480 232 550 ostit,
251 479 365 534 reddit!

205 578 273 632 cedo
288 595 338 633 om.
355 578 466 634 Nouius
499 601 503 612 ·
516 578 616 647 ecquid
632 579 730 635 Festus
744 581 778 647 ef.
794 581 883 634 ceroti.
901 578 937 632 LI
951 578 1020 647 quid
1035 578 1146 633 Nouius

186 649 212 703 ei
234 651 276 704 oet
298 648 363 702 huie
382 651 495 719 conieci,
518 649 589 702 mihi
611 651 682 705 otim.
702 653 731 704 te
751 650 850 706 Festus
867 649 913 703 hie
932 651 1044 705 Nouius
1098 649 1146 703 Au

131 719 290 776 redhostis?
336 719 413 774 uiam
436 723 572 775 cometem
591 722 680 776 Nouii
698 743 719 776 ω
742 720 815 776 itum
838 737 901 774 oum
923 737 970 774 eas
990 738 1049 775 sem
1068 721 1147 776 Festi

136 793 193 847 cod.
213 794 274 845 tum
293 791 424 846 Comseto
449 794 513 848 otim
535 794 649 848 conieci.-
672 795 705 862 ef.
730 794 819 848 eorott.
839 791 888 845 LII
909 793 1062 862 (praetura
1085 793 1146 845 tum

130 862 189 917 ism
207 865 249 917 oet
266 879 330 917 eum
348 865 389 917 oet
407 879 470 917 eam
487 865 569 919 lutere
587 865 619 918 iu
638 866 798 933 corruptelis
815 864 984 933 suspicabor)
1003 862 1070 931 uim,
1089 879 1145 931 quo

129 935 250 987 mortem
271 934 382 990 Ouions.
410 934 458 988 Au
475 933 574 1004 uitam,
594 951 649 1002 quo
668 934 795 990 hostem?
850 933 961 988 obbitet
978 935 1089 1003 scripsi,
1109 951 1144 988 so.

130 1007 243 1072 foeiuus
261 1006 333 1074 quod
345 1007 463 1076 tinnitos.
483 1004 580 1059 obbiet
595 1007 634 1061 W
647 1005 727 1061 obtet
744 1007 771 1060 L
786 1005 863 1060 obiet
877 1006 967 1059 Nouii
981 1026 1002 1075 φ
1022 1004 1145 1059 obiectet

133 1076 212 1130 Festi
228 1077 284 1131 eod.
356 1076 425 1130 cedo
444 1094 470 1144 q.
490 1075 536 1130 hie
554 1075 712 1132 redhostit?
731 1108 764 1117 -
783 1076 841 1130 iam
860 1075 1003 1130 Cometem
1022 1075 1144 1130 obiectet

129 1146 151 1200 f.
172 1147 234 1201 Bue
253 1145 378 1217 reputor
396 1149 553 1218 iutsiieyeus
571 1148 708 1202 Pterelam

132 1352 168 1418 Si
191 1353 275 1418 firte
299 1353 396 1438 paulo
420 1354 516 1438 quim
540 1357 575 1418 tu
598 1272 726 1418 ugInism
749 1353 849 1418 eitius

202 1465 300 1520 Festus
319 1485 345 1535 p.
361 1471 412 1520 346
427 1467 464 1522 M.
491 1466 630 1522 ‘setius’
652 1466 773 1537 (serius
787 1466 916 1536 Vrsinus)
938 1468 966 1520 ‘a
985 1483 1046 1521 sero
1065 1465 1143 1521 uide-

131 1539 179 1590 tur
198 1536 324 1591 dietum!
361 1537 466 1591 Paulus
485 1556 512 1618 p.
528 1543 578 1591 342
593 1538 630 1592 M.
652 1537 776 1592 ‘setius
795 1538 896 1591 Aeoius
916 1555 933 1591 a
952 1554 1014 1592 sero
1033 1553 1145 1661 comfir-

131 1607 216 1676 rsuit,
235 1607 277 1663 ait
291 1607 379 1664 enim:
398 1624 451 1677 ne,
470 1627 500 1662 ει
517 1609 623 1663 forte’
639 1625 705 1678 eq.
721 1627 741 1664 s.
769 1609 877 1679 (Potest
890 1624 930 1662 ne
945 1625 979 1663 ex
993 1609 1086 1680 [Amp
1116 1607 1144 1661 i-

132 1681 268 1751 tryo]ne
287 1678 371 1733 titulo
389 1679 529 1748 reliquum
548 1683 628 1750 esse.)
1010 1711 1014 1719 ·

202 1793 238 1830 ne
257 1775 282 1830 si
296 1778 382 1832 Pauli
396 1777 509 1832 Festus:
527 1795 550 1833 o.
570 1795 656 1847 supro
711 1777 797 1832 serius
813 1778 931 1833 Vrsinus
948 1779 983 1846 ef.
1002 1777 1145 1833 Charisius

113 1845 119 1856 '
127 1865 157 1918 p.
175 1853 226 1902 194
234 1866 271 1918 sq.
291 1849 324 1902 P.
343 1867 368 1903 o.
388 1848 474 1902 setius
494 1856 518 1904 et
537 1865 632 1918 seeum
652 1849 773 1905 Soluseu
791 1850 837 1904 tot.
857 1849 1084 1920 Loutqesoh.197

132 2053 264 2120 Miserit
285 2054 490 2120 lacrimarum
513 1973 659 2120 1666ηυῖ
682 2055 883 2120 orbitiidinis

202 2167 274 2223 Non.
291 2173 351 2236 146,
367 2173 400 2222 15
422 2167 652 2222 ‘orbitudinis
670 2185 721 2237 pro
741 2167 883 2222 orbitates

610 2300 669 2358 XII

132 2382 208 2448 Non
230 2385 397 2467 piruolam
420 2407 488 2449 rem
512 2383 714 2449 01611601-
732 2382 783 2448 Ne
805 2383 916 2469 retice,
940 2382 1085 2448 obsecro!
1146 2397 1178 2446 96

202 2494 274 2551 Non.
289 2502 331 2566 39,
347 2503 379 2550 21
402 2497 531 2552 ‘ordire
546 2494 667 2566 (ordiri
682 2495 779 2551 Bamb.
795 2496 872 2551 Harl.
887 2514 923 2550 m.
940 2497 966 2565 l)
986 2498 1028 2549 est
1041 2511 1145 2565 ponere

133 2567 269 2635 (promere
287 2570 326 2638 u),
344 2567 487 2638 incipere?

203 2665 340 2720 Persouos
363 2667 492 2720 distinxit
510 2667 608 2721 Detrio
679 2664 827 2735 paruolam
844 2666 964 2720 Bothius
986 2680 1105 2733 paruam
1123 2684 1144 2718 ω

186 2735 234 2790 Au
252 2735 369 2791 ordibo?
602 2797 676 2856 xm

133 2878 302 2966 Hooinest,
325 2881 411 2965 quod
434 2882 501 2947 um
524 2881 687 2946 temeriter
710 2884 746 2946 tii
768 2902 873 2946 meam
892 2880 1145 2945 beniuole‘ntism

133 2983 294 3052 'interisse
318 3009 350 3052 es
373 2988 484 3053 ritus?

204 3089 276 3145 Non.
292 3095 352 3160 516,
368 3095 383 3144 3
405 3090 618 3146 ‘temeriter.'

203 3178 320 3234 hoccine
336 3182 379 3234 est
392 3181 489 3235 Detrio
503 3181 556 3234 hoe
570 3179 601 3233 in
614 3197 644 3235 re
658 3183 702 3234 est
715 3201 736 3234 ω
791 3180 866 3248 quod
881 3181 920 3235 W
929 3195 985 3247 quo
1000 3200 1022 3249 φ
1042 3195 1146 3247 quoru

187 3252 219 3303 tu
237 3253 298 3304 tam
317 3253 357 3322 (te
376 3253 433 3322 Bo)
451 3251 595 3306 temeriter
613 3273 643 3321 ω,
662 3269 731 3322 quoe
749 3252 907 3321 transposui

540 3401 739 3460 PERSIDAE

134 3500 227 3566 Satin
249 3505 286 3566 ot
309 3524 405 3586 quem
428 3502 543 3587 euique
567 3503 684 3566 trssruit
706 3502 837 3568 fortuna
860 3501 1017 3585 ordinem,

133 3606 321 3692 Numquam
344 3608 411 3672 silla
433 3607 601 3673 humilitas
624 3607 791 3696 ingenium
814 3609 956 3673 infirmit
978 3607 1121 3672 bonum?
