2644 3982
307 240 356 294 EX
373 239 540 295 moueris
558 239 798 294 INGERTORVM
816 239 969 295 FABVLIS
1078 241 1143 305 289

132 399 302 525 praemissis.
338 399 383 454 Ad
405 399 507 453 Naevii
534 400 710 471 Iphigeniam
735 400 845 456 rettuli:
874 399 908 454 of.
934 399 1029 469 Eurip.
1053 399 1144 470 Iphig.

158 489 216 526 aur.
259 489 318 540 sqq.

207 587 219 631 1
244 581 324 647 patre
351 580 506 648 prognatus
533 580 631 648 scripsi
652 581 807 648 prognatus
835 579 978 633 Diomedis
999 580 1059 634 edd.
1083 587 1143 634 cett.

133 652 307 718 propagatus
326 651 543 720 (propugnatum
560 657 592 704 at
607 651 661 705 oid.
676 668 710 704 m.
727 656 741 703 1
756 649 891 718 Ambroo.)
912 649 1027 720 Quintil.
1042 671 1063 704 ω
1081 667 1145 719 pro-

133 723 276 804 pugnatne
290 721 434 776 Diomedis
447 742 469 775 ω
482 722 564 790 patre
578 724 681 790 gnatus
693 723 837 805 proposuit
850 721 912 775 Bae
967 727 982 773 2
1003 723 1080 774 ortus
1094 738 1144 776 om.

134 792 466 934 altilllallalfla
481 794 655 933 §litati
668 792 883 934 Helela
896 793 1147 942 laedet

135 951 200 1002 cas,
214 935 326 989 Monac.
345 950 452 1003 pagens
467 937 527 1002 (om.
542 938 640 1005 genus)
654 935 752 989 Bamb.
767 934 855 1002 sappi.
873 935 988 1002 parauit
1001 934 1145 1005 Argeata.

614 1084 668 1142 LV

136 1183 189 1248 En
210 1183 334 1269 impero
357 1183 456 1272 Argis
463 1238 472 1271 ‚
495 1187 620 1270 sce'ptre
642 1185 724 1250 mihi
746 1183 844 1268 liquit
865 1183 995 1270 Pelops,

147 1290 216 1369 Qua
237 1293 339 1375 ponto
362 1291 402 1355 ab
425 1291 535 1356 Helles
557 1293 653 1376 acque
677 1291 717 1356 ab
740 1289 832 1356 Ionio
856 1292 938 1356 mari
1149 1309 1200 1357 105

137 1395 281 1483 Vrgetur
303 1397 454 1464 Isthmus.

209 1518 315 1573 Seneca
334 1520 418 1602 epist.
439 1526 473 1575 80
498 1520 562 1576 ‘ille
585 1522 635 1590 qui
657 1521 688 1574 in
711 1537 796 1575 scena
813 1521 888 1574 lutus
906 1518 1013 1574 incedit
1031 1522 1060 1573 et
1078 1520 1148 1572 haec

137 1589 284 1659 resupinus
312 1592 394 1647 drclt:
423 1608 463 1646 en
488 1591 632 1662 impero'
652 1609 721 1661 eq.
742 1610 762 1647 s.
802 1593 913 1646 ‘seruus
941 1593 996 1646 est:
1024 1589 1147 1658 quinque

137 1661 247 1715 modios
274 1662 378 1732 accipit
402 1665 432 1717 et
455 1662 578 1733 quinque
602 1663 751 1718 denarios)
791 1662 981 1728 Quintilianus
999 1661 1037 1715 lX
1051 1669 1081 1730 4,
1097 1667 1148 1715 140

140 1731 253 1800 ‘itaque
266 1733 439 1804 tragoediae,
458 1735 509 1788 ubi
521 1752 636 1790 necesse
650 1737 701 1804 est,
721 1734 895 1788 adfectamus
910 1733 998 1788 etiam
1010 1735 1149 1787 tumorem

137 1819 173 1856 ex
187 1803 318 1872 spondeis
333 1807 418 1873 atque
432 1805 543 1876 iambis,
558 1806 676 1875 quibus’
696 1806 772 1875 (add.
784 1804 974 1875 Spaldingius‚
989 1820 1042 1858 om.
1057 1803 1148 1872 codd.)

141 1872 272 1928 ‘maxime
296 1875 467 1934 continetur:
491 1894 531 1932 en
553 1876 681 1947 impero
753 1876 896 1946 Pelops’
935 1875 1040 1928 Iniuria
1058 1875 1113 1928 huc
1132 1891 1149 1927 a

137 1943 235 2013 Lipsio
253 1945 374 1999 relatum
392 1963 452 2001 esse
471 1947 632 2002 Ciceronem
650 1950 778 2016 orat49,
794 1953 844 2000 163
863 1945 905 2014 (fr.
921 1945 1004 2014 XCII)
1023 1945 1148 1998 animad-

139 2015 226 2068 vertit
244 2015 345 2070 Bernh.
365 2017 536 2072 Schmidtius
554 2037 624 2072 mus.
643 2019 731 2072 Rhen.
746 2018 811 2071 XVI
825 2023 890 2085 5983
908 2017 984 2070 idem
1001 2018 1066 2085 post
1084 2015 1147 2070 Alb.

139 2084 279 2154 Largium
301 2086 334 2141 fr.
353 2087 401 2142 LV
428 2105 518 2142 novae
545 2089 709 2159 tragoediae
736 2087 905 2156 vindicavit,
935 2085 1032 2140 addidi
1056 2086 1149 2140 obser-

137 2155 282 2210 rationem
302 2158 336 2210 de
354 2161 425 2227 part.
444 2159 505 2213 Lat.
524 2178 551 2229 p.
570 2166 613 2215 36.

212 2269 226 2316 1
247 2262 352 2332 scripta
368 2265 537 2336 Quintiliani
549 2267 693 2337 Argeata.
708 2281 795 2334 regna
809 2265 917 2332 Seneca,
932 2265 1004 2334 qaod
1017 2264 1150 2318 immerito

138 2341 232 2390 tuctur
249 2335 351 2389 Berroia.
372 2335 538 2392 Schmidtc'as
590 2336 629 2390 mi
651 2338 792 2391 Turnebus

609 2469 679 2528 LVI

140 2568 240 2645 Quasi
262 2568 372 2634 Helles
394 2575 531 2654 pontum
554 2575 587 2635 et
609 2570 747 2635 claustra
771 2620 901 2634 .....

211 2690 300 2745 Varro
320 2692 354 2745 de
372 2691 390 2745 l.
410 2692 428 2746 l.
443 2691 495 2745 VII
510 2698 541 2744 21
568 2691 699 2761 ‘quasi'
719 2708 742 2746 e.
762 2708 788 2758 q.
808 2708 829 2744 s.
868 2689 1049 2757 ‘claustra
1074 2689 1150 2756 quod

141 2761 245 2816 Xerxes
268 2763 409 2830 quondam
432 2779 496 2816 eum
514 2763 608 2817 locum
625 2761 748 2816 clausit!
778 2761 881 2832 (quasi]
900 2758 996 2815 Cassi
1015 2759 1046 2814 0.
1061 2759 1149 2814 Muel-

140 2831 215 2884 lerus
230 2832 367 2887 Cassius
382 2833 528 2903 Scioppius
541 2833 700 2890 &Accius
716 2833 861 2902 canterus)
876 2831 916 2887 cf.
930 2830 996 2885 hist.
1006 2832 1078 2900 trag.
1089 2837 1148 2885 528.

212 2939 249 2991 ad
272 2939 447 3010 Hellesponti
473 2940 597 2994 claustra
619 2939 740 3010 Scaliger
814 2938 923 2994 Ooaiccc'
946 2936 1032 3002 Quasi
1054 2937 1149 2991 Helles

141 3010 260 3076 pontum
277 3010 401 3065 claustra
420 3010 518 3066 dicunt
535 3010 678 3065 maritima

601 3141 686 3201 LVH

134 3241 278 3307 ''Pantalo
296 3244 486 3330 prognatus7
503 3242 622 3327 Pelope
640 3232 748 3328 nitus,
767 3243 823 3327 qui
842 3243 1003 3327 quondam
1022 3243 1040 3306 a<
1059 3264 1149 3307 socro

142 3347 306 3414 Oe‘nomao
329 3372 404 3437 rege
427 3350 684 3434 Hippodameam
706 3350 807 3434 raptis
829 3354 926 3414 nanot
965 3353 979 3414 t
1001 3349 1132 3433 ndptiis.

214 3469 309 3524 Cicero
327 3470 408 3525 Tusc.
428 3471 499 3541 disp.
518 3472 557 3525 ΙΠ
572 3478 614 3540 12,
629 3477 663 3525 26
684 3469 905 3540 ‘aegritudinem
920 3514 924 3524 .
937 3514 942 3525 .
956 3515 961 3525 .
977 3469 1150 3539 depellamus

143 3541 304 3609 ...qualis
333 3541 408 3596 enim
434 3541 488 3596 tibi
515 3543 564 3596 ille
591 3540 704 3596 uidetur
731 3540 894 3595 Tantalo'
915 3558 938 3595 e.
958 3559 984 3609 q.
1004 3559 1025 3597 s.
1063 3540 1150 3594 ‘Iouis

141 3612 196 3666 iste
219 3611 333 3681 quidem
355 3630 501 3683 pronepos.
538 3616 634 3667 tamne
657 3629 724 3683 ergo
747 3611 873 3666 abiectus
895 3615 1009 3680 tamque
1027 3611 1151 3668 fractus?

196 3713 275 3754 Scaan.
290 3725 351 3762 poss.
366 3712 430 3753 Rom.
445 3712 526 3764 fragm.
541 3714 576 3756 od.
590 3713 706 3755 Rmsucx.
959 3707 992 3756 19
