2644 3982
416 240 625 296 POMPONIVS
662 241 824 296 SCAEVVS
1062 241 1127 306 269

117 421 202 473 quam
224 403 323 457 choros
342 400 492 472 explicant,
511 403 543 455 ut
561 399 637 470 apud
655 401 840 472 Pomponium
857 400 1011 471 reperimus
1025 402 1127 473 [1-3].

117 474 162 529 his
194 490 305 542 quoque
332 472 356 526 si
385 473 422 527 ad
449 471 584 526 extimum
611 471 718 526 adicias
746 471 828 526 binos
855 472 955 541 pedes,
988 471 1129 542 integrum

117 546 309 601 hexametrum
328 543 362 598 de
380 542 481 598 mutilo
500 542 615 598 efficies'
635 559 659 597 e.
674 561 700 611 q.
716 561 736 597 s.
773 542 948 612 Augustinus
968 543 1003 597 de
1021 542 1129 598 musica

117 617 155 670 IV
171 623 203 670 31
225 614 314 670 ‘alia’
335 620 382 685 (sc.
401 616 501 678 metra)
526 615 591 668 ‘nec
611 616 673 668 tota
691 613 848 668 immobilia
861 631 912 668 nec
926 617 989 669 tota
1002 614 1128 683 mobilia,

119 690 152 742 ut
169 689 213 742 est
225 688 328 758 [1-4].
365 684 452 740 Vides
470 684 516 738 hic
535 684 609 739 enim
628 684 733 753 ubique
752 687 781 739 et
799 685 937 754 spondeos
957 688 986 739 et
1001 685 1129 755 dactylos

117 757 186 841 ¹poni
199 759 416 883 &sielpmwlr
433 755 564 881 {limum
581 756 690 825 pedem,
709 772 792 824 quem
810 755 893 810 metri
907 758 1005 810 auctor
1022 773 1130 825 semper

119 846 180 884 esse
237 845 462 898 cyumuoui.

602 968 649 1026 HI

120 1075 229 1120 omnes

192 1173 336 1230 Charisius
353 1192 381 1243 p.
398 1179 447 1227 111
463 1175 493 1227 P.
524 1173 698 1239 ‘monteis;
718 1172 786 1227 licet
803 1172 973 1244 Pomponius
987 1173 1130 1227 Secundus

119 1249 217 1316 poeta,
240 1248 273 1300 ut
295 1245 381 1299 refert
399 1243 521 1312 Plinius,
544 1247 657 1313 propter
678 1245 876 1314 homonymum
894 1242 1063 1298 nominatiui
1087 1260 1131 1298 ac-

120 1351 249 1406 cusetiuo
263 1368 330 1406 casu
345 1349 462 1405 omneis’
479 1329 559 1420 (omi
573 1350 645 1420 cod.)
661 1352 733 1405 ‘non
745 1353 828 1421 putet
841 1349 906 1418 dici,
923 1351 974 1404 sed
988 1352 1129 1406 omnes:'

121 1422 261 1494 (omneis
276 1423 348 1488 cod.)
369 1423 476 1476 ‘tamen
494 1420 569 1476 idem
584 1421 693 1475 Plinius
711 1421 741 1475 in
755 1421 855 1476 eodem
867 1424 1013 1491 permanet
1027 1421 1131 1488 dicens,

123 1510 219 1549 omnes
241 1497 310 1548 tunc
334 1492 446 1547 demum
468 1509 550 1562 posse
576 1491 632 1547 dici
651 1492 826 1561 accusatiuo,
850 1494 882 1546 ut
900 1509 995 1561 cenes,
1019 1493 1131 1562 quando

122 1565 270 1635 genetiuus
290 1563 411 1689 Eluralis
434 1565 482 1617 ut'
503 1567 567 1633 (om.
587 1564 661 1631 cod,
685 1563 794 1634 addidi)
814 1563 928 1618 ‘horum
947 1581 1048 1618 canum
1066 1566 1132 1618 ante

121 1655 169 1690 um
187 1636 198 1690 i
216 1654 272 1691 non
311 1635 397 1690 abet’
428 1635 468 1690 Cf.
488 1652 561 1704 quae
579 1654 605 1705 p.
622 1641 686 1703 129,
703 1641 735 1689 19
750 1635 783 1689 Κ.
803 1635 840 1688 ad
860 1635 992 1689 ‘fonteio’
1013 1635 1133 1689 formam

124 1707 305 1762 disseruntur.
348 1707 435 1760 Vsum
466 1709 579 1777 poetae,
611 1724 668 1761 non
700 1705 850 1760 frustulum
883 1705 1007 1760 exhiberi
1037 1705 1133 1760 monui

122 1777 216 1833 coroll.
236 1797 262 1847 p.
282 1778 377 1833 LXIV.

195 1894 344 1946 Praeterea
363 1892 427 1947 vide
445 1893 499 1948 inc.
519 1893 572 1947 inc.
591 1892 649 1946 fab.
669 1892 787 1968 CXXIX.

386 2164 643 2253 sennvvs
667 2168 873 2252 MEMOR

126 2334 308 2402 Scindimus
331 2338 417 2399 atres
439 2334 546 2404 ueteri
565 2336 709 2421 planctu,

126 2443 239 2526 Cissei,
262 2464 367 2529 genas.

197 2572 286 2655 Sergii
300 2572 410 2643 explan.
424 2572 455 2625 in
468 2572 610 2627 Donatum
624 2573 699 2630 CCL.
714 2574 752 2627 IV
765 2590 791 2643 p.
808 2579 859 2628 537
873 2575 906 2628 Κ.
932 2572 1135 2644 ‘patronomica

126 2645 255 2700 feminim
272 2643 383 2714 generis
401 2643 432 2698 in
450 2643 479 2697 is
498 2647 607 2712 exeunt,
626 2647 659 2698 ut
676 2644 770 2699 Atreis
785 2644 886 2699 Cisseis
899 2645 1047 2700 Dardanis.
1076 2643 1150 2697 filia-

127 2716 205 2770 Atrei
228 2715 322 2770 Atreis
346 2714 461 2782 dicitur,
484 2715 545 2769 filie
562 2715 674 2788 [Cissei]
694 2715 836 2785 Cisseis,
859 2715 894 2770 id
913 2718 966 2770 est
983 2716 1134 2784 Hecuba,

127 2786 236 2841 Cissei
259 2785 352 2856 filia,
376 2785 503 2840 Priami
525 2786 616 2856 regis
639 2805 729 2842 uxor.
771 2786 912 2858 Vergilius
986 2787 1134 2841 Scaeuus

127 2857 163 2911 in
182 2856 376 2927 tragoedia:
397 2855 584 2911 scindimus
656 2875 776 2938 genas,
794 2858 825 2911 id
843 2861 887 2913 est
900 2858 1026 2912 Hecuba'
1046 2858 1135 2927 (hae-

127 2945 209 2982 caue
236 2929 364 2997 Levant.)
394 2927 468 2982 ‘filia
496 2927 603 2983 Cissei’
637 2932 792 2998 (scaeuus
811 2929 940 2999 Levant.)
972 2930 1136 2984 Scaeuum

126 2999 317 3066 Memorem,
349 2999 383 3052 de
411 3016 467 3068 quo
494 2997 554 3068 ipse
582 2999 756 3070 cogitabam,
788 3001 825 3055 M.
852 2999 982 3055 Hertzius
1010 2999 1135 3071 agnovit.

127 3069 251 3124 Troades
266 3069 392 3138 captivas
407 3085 505 3124 canere
520 3069 668 3125 adnotavit
681 3089 712 3128 x:
728 3071 762 3127 cf.
777 3071 871 3140 Eurip.
885 3071 1002 3125 Hecuba
1012 3077 1064 3126 905
1075 3088 1134 3139 sqq.

128 3141 250 3196 Senecae
268 3140 390 3194 Troades
410 3146 478 3194 1235
489 3158 529 3208 sq.

198 3255 370 3324 Aecpceetos
388 3257 499 3326 coacuit
516 3273 537 3310 a·
592 3263 605 3309 1
626 3259 702 3311 atras
717 3260 829 3328 pulvere
846 3276 881 3313 oc.
901 3260 1001 3326 infuso,
1021 3261 1097 3314 iacta
1112 3265 1137 3313 et

128 3327 231 3381 inluvie
250 3327 384 3380 diciturne
408 3327 562 3396 squalidas:
589 3329 696 3382 atratus
719 3331 750 3383 ia
773 3332 844 3384 trim.
868 3330 950 3384 iasab.
974 3332 1056 3385 initio
1073 3331 1137 3384 clim

128 3398 293 3452 conducerem
312 3413 408 3467 aspras
426 3415 446 3452 a
518 3397 578 3450 acri
595 3400 706 3453 teneras
724 3402 872 3471 Berytius:
890 3402 925 3468 cf.
945 3402 1036 3455 ceroti.
1050 3399 1138 3454 LXIV

181 3467 325 3538 planctus,
343 3484 411 3522 corr.
431 3485 465 3522 ecc
483 3467 631 3536 palanctus
650 3471 768 3526 Leuant.
842 3477 857 3524 2
877 3469 965 3525 Cissei
983 3489 1003 3525 :c
1021 3469 1137 3525 chisseis

129 3539 246 3596 chaat.
266 3537 368 3593 Cisseis
381 3539 498 3594 'Kailios
