2644 3982
302 213 351 267 EX
369 212 536 268 INCERTIS
554 211 794 267 INGHHTORVM
812 211 963 265 FABVLIS
1072 209 1137 274 285

591 379 675 438 XLII

130 484 200 561 Qua
222 486 411 567 tempestate
430 482 591 546 Helenam
604 481 696 544 Paris
719 475 863 565 innuptis
883 481 990 545 iunxit
1007 480 1139 564 nuptiis,
1157 494 1191 542 80

128 589 210 676 'Ego
247 594 317 654 tum
352 589 485 676 grauida
518 588 653 672 expletis
685 588 750 650 iam
781 587 847 651 fere
879 588 920 661 sd
950 587 1139 672 pariendum

111 765 115 774 .
767 693 944 778 mensibus,

82 832 84 836 ·
128 803 191 867 Per
218 803 303 867 idem
331 805 458 886 tempus
480 801 677 886 Polydorum
700 799 833 864 Hecuba
858 801 954 884 partu
976 802 1138 885 postremo

766 907 860 991 parit.
959 951 961 956 -

202 1021 298 1077 Cicero
318 1020 352 1074 de
372 1023 441 1074 orat.
455 1019 495 1073 111
508 1026 552 1089 58,
567 1027 617 1074 219
639 1019 748 1073 ‘aliud’
769 1018 855 1088 (roais
874 1035 962 1087 genus
976 1017 1031 1071 sibi
1045 1018 1141 1087 sumIt)

133 1092 286 1147 ‘molestia
311 1091 371 1146 sine
393 1091 635 1146 commiseratione
657 1106 744 1160 graue
762 1090 905 1158 quoddam
924 1092 1026 1143 etune
1044 1106 1141 1158 pressu

132 1181 165 1218 ao
194 1181 261 1218 sono
290 1163 456 1218 obductum:
484 1179 548 1231 qua
575 1162 800 1230 tempestate’
820 1177 889 1229 eq.
909 1178 929 1215 s.
967 1161 1045 1214 Idem
1071 1162 1140 1214 orat.
1178 1179 1180 1182 ·

131 1241 179 1302 49,
196 1241 247 1288 164
277 1235 378 1303 ‘quare
405 1233 534 1287 bonitate
561 1233 655 1303 potius
678 1235 837 1286 nostrorum
859 1231 1008 1284 uerborum
1030 1234 1142 1285 utamur

132 1301 911 1444 sueardusdissimulasset
918 1301 1143 1443 sasima

134 1464 195 1503 esse
212 1446 355 1502 intellexit
372 1446 544 1500 Welokerus.

208 1551 221 1598 1
242 1561 300 1613 qua
322 1544 353 1597 in
375 1543 488 1614 1109001.
504 1549 519 1596 2
536 1549 568 1597 13
583 1549 617 1598 36
641 1559 726 1612 quam
748 1543 860 1613 Lupum.
881 1548 1001 1598 320010.
1073 1544 1143 1598 tem·

133 1619 244 1686 pestate
263 1615 399 1670 Helenam
417 1614 496 1668 Paris
511 1615 706 1670 Larhmoaaus
723 1616 892 1683 tempestate
909 1613 988 1668 Paris
1007 1615 1144 1668 Helenam

133 1709 154 1742 ω
173 1687 252 1741 Paris
271 1689 441 1757 tempestate
459 1685 595 1740 Helenam
613 1687 732 1741 Bottius
791 1685 904 1754 nuptias
923 1686 1036 1741 Atrius.
1051 1687 1143 1742 Erro

134 1760 247 1829 Loyom.
272 1760 336 1828 aliq.
362 1759 434 1812 aad.
454 1777 472 1812 0
490 1765 548 1812 ete
619 1764 634 1810 2
659 1757 716 1810 fere
735 1777 756 1809 ω
784 1755 826 1809 fui
848 1758 966 1812 Bottius
988 1757 1045 1811 fere
1068 1774 1145 1812 eram

134 1830 277 1884 Halmius:
296 1831 331 1896 ef.
351 1831 442 1884 coroll.
462 1828 525 1881 XXI

135 2007 179 2072 nt
202 2029 261 2094 ego
284 2007 340 2071 stro
363 2012 400 2071 ut
423 2007 563 2086 latebras
586 2013 721 2091 ruspans
743 2009 841 2071 rimer
863 2008 1049 2071 maritimas.

207 2119 306 2172 Festus
324 2137 351 2188 p.
367 2124 419 2173 266
434 2119 470 2172 M.
510 2119 661 2188 ‘ruspari
686 2122 729 2173 est
752 2107 885 2186 quaerere
909 2118 1018 2186 erebro,
1041 2121 1074 2172 ut
1093 2118 1147 2172 hnc

137 2207 219 2244 uersu
238 2188 392 2244 indicatur:
413 2193 446 2244 et
464 2191 540 2258 ego’
561 2206 584 2244 e.
604 2207 630 2257 q.
650 2208 671 2243 s.
704 2191 776 2243 Item
793 2189 909 2244 Pacuvii
927 2188 1033 2243 Ilionae
1051 2189 1146 2244 tribui.

137 2261 177 2317 cf.
196 2260 314 2315 Pacuvii
331 2259 385 2316 1110,
404 2261 461 2314 fab.
481 2261 577 2314 XXXI.

208 2357 292 2412 rimer
309 2357 466 2412 maritimas
486 2359 607 2428 Scaliper
625 2357 754 2411 rimeram
774 2357 894 2427 aptimas
913 2360 970 2412 cod.

596 2490 692 2548 XLIV

138 2591 336 2678 Naufragia·
352 2591 442 2656 labes
464 2591 590 2678 generis
613 2592 757 2678 ignoras,
779 2593 897 2656 senex?

211 2703 353 2758 Charisius
376 2722 402 2785 p.
424 2709 474 2758 251
499 2704 528 2758 P.
567 2702 715 2758 ‘dretturer
747 2706 791 2758 est
820 2703 880 2758 siue
907 2703 1032 2766 διάλυσις
1059 2703 1149 2758 oratio

139 2775 219 2828 nulla
242 2773 440 2830 ooniunetrone
463 2774 643 2844 interposita,
664 2778 707 2830 ut:
733 2774 783 2828 alii
801 2775 950 2829 naualibus
969 2775 1019 2830 ite’
1040 2791 1063 2830 e.
1083 2793 1109 2844 q.
1129 2793 1149 2829 a.

143 2845 189 2899 ‘et
212 2844 312 2901 aliubi:
339 2845 539 2916 naufragia'
561 2863 583 2900 e.
604 2863 629 2914 q.
650 2863 670 2900 s.
710 2846 883 2900 ‘sententiae
905 2845 952 2900 hio
973 2847 1067 2916 plures
1090 2845 1151 2900 sine

142 2915 339 2971 coniunctione
358 2917 513 2972 finiuntur.’
551 2917 595 2970 Ad
613 2917 751 2970 Teucrum
769 2917 886 2972 Pacuvii
904 2917 1009 2973 rettuli.

213 3013 326 3083 ignorat
344 3017 400 3071 cod.
455 3016 650 3086 Interropundi
667 3017 776 3086 sianum
790 3017 875 3084 posui

606 3147 688 3205 XLV

580 3249 711 3313 Telamo

144 3351 224 3440 'Ego
244 3375 317 3417 oum
336 3356 442 3440 genui,
460 3359 530 3437 tdm
549 3356 724 3421 morituros
741 3355 821 3420 seiui
836 3359 868 3420 et
881 3355 956 3420 huie
970 3356 1017 3420 rei
1030 3355 1154 3420 sustuli.
1173 3373 1207 3422 85

144 3459 313 3524 Praeterea
328 3460 367 3524 ad
376 3460 506 3526 Troiam
520 3484 593 3527 oum
607 3463 682 3527 misi
691 3461 733 3526 ob
744 3461 972 3527 defendendam
981 3460 1154 3547 Graeciam,

147 3565 276 3632 Sossram
294 3589 345 3632 me
359 3566 394 3631 in
403 3568 606 3634 mortiferum
620 3568 750 3656 bellum,
768 3571 833 3634 11611
847 3570 881 3634 111
896 3569 1005 3654 epulas
1018 3567 1155 3635 mittere.
