2644 3982
175 206 240 274 296
347 205 396 260 EX
415 204 581 260 INGERTIS
600 203 841 260 INGERTORVM
858 203 1009 260 FABVLIS

173 365 323 433 minuitur,
346 369 391 420 ut:
419 367 535 420 saxea’
561 381 583 418 e.
603 383 629 433 q.
649 383 670 419 s.
707 365 785 418 Idem
802 365 960 434 villers
989 367 1071 420 ‘sunt
1097 365 1187 421 etiam

175 438 316 506 quaedam
338 439 367 490 et
388 437 508 490 humiles
530 436 744 505 translationes,
767 439 800 490 ut
822 435 853 490 id
876 436 911 490 de
933 453 989 504 quo
1007 438 1092 492 modo
1111 437 1184 494 dixi:

177 525 280 562 saxea
303 510 355 562 est
376 524 532 576 uerruca,
556 510 585 561 et
608 507 758 562 sordidae!
796 507 900 561 Aneod.
919 507 1006 562 Paris.
1027 508 1186 563 Eolrsteinii

197 585 292 649 .20,5
313 577 449 648 ‘dignitas
467 579 604 632 minuitur
621 581 654 631 ut
672 579 789 632 saxea’
810 594 833 632 e.
853 596 879 646 q.
899 595 920 632 s.
959 577 998 632 Cf.
1019 579 1089 634 (lato
1109 581 1185 650 apud

175 599 298 705 duilium
316 650 393 705 1117.
430 649 561 704 Fortasse
579 667 594 703 e
612 652 791 719 praetextata
809 653 882 704 sunt.

249 773 334 811 saxee
356 759 400 810 est
419 759 511 812 anecd.
531 757 637 824 Paris,
663 757 834 827 Quintiliani
852 758 908 812 loco
922 765 992 825 post.
1012 769 1035 825 ψ
1055 774 1123 812 saxa
1142 761 1187 812 est

177 828 290 884 Monac.
314 845 411 882 saxam
431 830 475 881 est
492 829 615 882 Antros.
635 844 704 882 exea
722 829 766 881 est
784 829 839 882 loco
858 845 903 896 pr.
922 828 1020 883 Bamt.
1039 829 1186 900 Arpcntor.

177 901 260 953 exeat
277 900 389 954 Monac.
408 897 531 953 Antros.

619 977 743 1036 LXXVI

176 1079 289 1144 Hibeo
313 1080 416 1144 istanc
439 1101 499 1166 ego
522 1080 788 1164 perterricrepam
833 1130 1161 1146 .......

249 1200 344 1255 Cicero
359 1203 429 1256 orat.
442 1207 548 1270 49,164
568 1201 668 1255 ‘immo
682 1217 749 1254 uero
763 1200 830 1255 ista’
847 1201 945 1270 (uerba
957 1202 1029 1256 bene
1044 1203 1188 1273 sonantia)

179 1274 341 1340 ‘sequamur
359 1271 596 1341 asperitatemque
613 1271 768 1342 fugiamus:
787 1273 911 1326 habeo’
932 1289 955 1327 e.
975 1291 1001 1341 q.
1022 1291 1043 1326 s.

248 1378 340 1432 istanc
367 1395 420 1448 ego
443 1381 541 1448 scripsi
566 1379 652 1433 istam
675 1396 727 1448 ego
751 1377 828 1434 Flor.
851 1379 913 1434 Pal.
940 1380 1025 1435 ottob.
1055 1397 1106 1450 ego
1129 1380 1188 1436 ista

178 1450 290 1504 Atrine.
363 1451 408 1504 De
430 1453 586 1519 anapaestis
608 1450 699 1504 habeo
723 1452 808 1503 istam
830 1449 899 1504 echo
917 1468 944 1519 p.
964 1453 1093 1522 capitanii
1111 1453 1187 1507 Bne:

176 1537 229 1592 pro
247 1522 296 1574 illo
314 1519 406 1574 habeo
421 1528 530 1589 poterut
547 1537 638 1591 pauso
652 1538 753 1590 ponere

610 1670 749 1728 LXXVI]

177 1819 398 1836 .....
443 1772 545 1857 genus
568 1776 731 1836 auarumst
753 1773 933 1837 mrilierum,

588 1877 608 1919 ³1⁸
759 1877 778 1919 a

673 1923 693 1964 ,3
893 1931 896 1938 .

497 2007 574 2049 auro
598 1986 743 2050 uendidit
765 1987 867 2050 uita'm
890 1988 962 2052 uiri.

250 2104 345 2160 Cicero
365 2106 399 2159 de
417 2105 473 2160 inv.
492 2107 505 2159 I
524 2112 571 2175 50,
586 2113 621 2161 94
645 2106 723 2178 (item
741 2107 829 2162 lulius
847 2108 946 2163 Victor
962 2127 989 2178 p.
1005 2115 1057 2163 416
1071 2110 1117 2178 Η.)
1138 2110 1189 2179 ‘si,

180 2193 243 2229 cum
265 2178 357 2229 totum
380 2177 495 2231 debebit
518 2178 676 2247 ostendere,
700 2179 735 2233 de
752 2182 833 2248 parte
852 2179 948 2248 aliqua
966 2180 1109 2250 loquatur,
1133 2180 1189 2236 hoc

179 2247 276 2303 modo:
290 2247 469 2301 mulierum
483 2265 588 2318 genus
603 2266 742 2303 auarum
756 2253 820 2318 est,
834 2268 909 2304 nam
923 2251 1090 2321 Eriphyla
1104 2269 1188 2307 auro

179 2335 205 2371 u.
220 2336 247 2371 u.
262 2319 300 2372 u’
331 2317 370 2372 Of.
381 2319 540 2374 Verrin.IV
550 2326 591 2388 18,
602 2325 644 2376 39,
670 2321 765 2374 Latini
778 2320 881 2391 tragici
895 2322 1082 2377 verbainhis
1097 2323 1187 2377 latere

180 2388 254 2442 vidit
271 2389 489 2459 Valckenarius,
508 2390 557 2458 qui
580 2393 728 2461 utrumque
746 2409 857 2446 versum
875 2393 1021 2447 coniunxit
1039 2393 1128 2449 altero
1147 2393 1190 2448 sic

181 2459 367 2514 conformato:
390 2460 474 2514 Nam
492 2460 658 2531 Eriphyle
728 2506 733 2518 .
748 2480 830 2517 auro
853 2481 880 2518 u.
900 2482 926 2518 u.
946 2483 972 2518 u.
1011 2464 1137 2530 Quadrat
1160 2468 1190 2519 et

180 2531 234 2584 hoo
252 2533 282 2584 et
300 2547 418 2599 sequens
436 2532 469 2586 fr.
490 2533 527 2587 ad
545 2532 688 2603 Epigonos
706 2533 798 2591 Acoii:
818 2533 852 2589 cf.
871 2534 936 2590 hist.
955 2538 1027 2605 trag.
1042 2542 1103 2590 492.

251 2643 265 2690 1
285 2637 433 2692 mulierum
450 2654 538 2708 genus
553 2656 670 2693 auarum
683 2642 727 2694 est
742 2642 834 2696 Cicero
852 2659 969 2696 auarum
983 2644 1026 2695 est
1039 2641 1190 2696 mulierum

179 2725 267 2778 genus
283 2710 478 2765 Valckenarius
491 2712 535 2780 (cf.
551 2711 697 2781 Brnprnan
712 2713 727 2766 l.
744 2713 760 2766 l.
771 2730 801 2781 p.
817 2716 861 2782 21)
915 2719 931 2766 2
950 2712 1040 2767 uitam
1058 2713 1192 2768 uendidit

179 2778 234 2832 uiri
252 2780 392 2851 Anpelorn.
415 2780 504 2834 uitam
527 2780 582 2834 uiri
605 2781 735 2836 uendidit
756 2785 844 2839 Troes.
868 2783 923 2838 uiri
945 2784 1035 2838 uitam
1058 2785 1192 2840 uendidit

180 2871 201 2919 φ
221 2857 245 2905 ei
263 2852 356 2906 Inlins
375 2852 468 2906 Victor

603 2931 758 2991 LXXVIII

126 3045 178 3095 145
603 3034 742 3118 prudens
765 3036 797 3098 et
819 3036 921 3100 sciens

179 3135 231 3200 Ad
253 3139 376 3222 pestem
400 3145 473 3204 ante
497 3139 605 3204 oeulos
627 3141 766 3224 pisitam
812 3193 1032 3208 .....

251 3258 347 3314 Cicero
367 3245 404 3314 ad
421 3260 486 3315 fam.
501 3261 540 3314 Vl
554 3268 583 3330 6,
598 3267 614 3314 6
635 3261 746 3330 ‘itaque
764 3263 811 3316 uel
831 3263 922 3318 officio
941 3264 987 3318 uel
1005 3264 1083 3319 fama
1101 3265 1192 3320 bono·

180 3347 241 3383 rum
263 3330 309 3384 uel
331 3332 438 3400 pudore
461 3331 576 3401 uictus,
590 3336 622 3386 ut
639 3333 671 3385 in
688 3333 793 3387 fabulis
812 3334 1051 3405 Amphiaraus,
1076 3335 1117 3389 sio
1135 3352 1192 3407 ego

180 3401 327 3469 prudens
344 3402 549 3471 ...positam
568 3421 628 3457 sum
646 3404 807 3473 profectus.’

252 3513 266 3560 1
282 3507 384 3562 Malim
397 3507 519 3576 prudens
534 3508 624 3562 sciens
638 3517 671 3564 nt
683 3512 740 3566 Ter.
756 3514 868 3566 ennnch.
885 3518 926 3582 72,
942 3513 1067 3568 Ciceroni
1079 3514 1196 3584 reliquit

181 3577 373 3632 Mendcissohn
