2662 3978
504 209 541 264 n.
561 208 741 265 enervius
1081 210 1123 276 99

186 369 242 425 Cic.
263 370 298 424 de
317 369 372 424 div.
391 368 461 437 157,
478 375 527 423 131
549 371 597 422 ‘ut
615 368 664 422 ille
683 369 872 437 Pacuuianus,
892 369 941 437 qui
959 369 990 422 in
1007 369 1122 440 Chryse’

113 441 243 512 (chrysi
270 440 347 496 Leid.
375 441 437 496 Am.
456 447 485 510 2,
514 439 635 496 Vindob.
665 439 755 508 erysi
776 439 853 496 Leid.
878 441 974 495 Ami
1003 440 1125 510 crisy*

111 512 191 567 Leid.
211 513 245 582 Β)
265 511 412 582 ‘physicus
431 510 581 579 inducitur,
599 510 714 564 minime
731 513 861 566 naturam
878 527 971 565 rerum
990 529 1124 582 cognosse

99 583 246 638 -uideotur
262 585 367 707 AEl-ss]
395 581 466 638 Cur?
498 598 611 650 quaeso.
649 599 713 636 cum
739 582 799 652 ipse
825 582 922 652 paucis
950 582 1124 652 interpositis

112 654 243 710 uersibus
284 654 339 708 'ces
359 653 428 709 satis
441 652 584 707 luculente
599 654 717 724 [eo-92
732 654 749 708 .’
778 653 849 707 Non.
866 660 926 721 246,
942 659 958 708 9
974 654 1125 708 ‘cuscul-

113 729 187 782 tere
206 728 251 779 est
269 725 393 793 obsequi.
425 723 565 778 Pacuuius
584 723 644 792 qui
664 740 698 778 se
728 725 777 796 3].’
817 723 952 793 (Chryse
971 725 1081 793 Junius)

187 851 270 905 listi
297 852 359 907 Eri.
388 851 469 906 Vind.
497 849 645 904 Leideoses
672 857 738 917 tres,
765 850 887 917 defendit
916 849 1126 920 Oodeodorpr'ue

112 923 184 978 istos
206 923 292 978 Onon.
312 921 427 993 estorp.
446 920 549 990 istisp
612 926 628 973 2
648 937 732 988 quem
750 936 800 974 suo
819 921 874 974 deo
892 921 968 976 codd.
991 921 1086 975 oretur·

597 1087 641 1146 VI

111 1192 185 1258 Hdc
207 1192 295 1276 uide,
318 1190 439 1255 circum
460 1211 619 1275 supraque
643 1189 730 1273 quod
753 1190 921 1274 complexu
944 1189 1088 1254 c6ntinet

112 1299 245 1364 'Ferrum
288 1297 289 1300 ’

113 1404 263 1489 Solisque
287 1408 402 1469 exortu
425 1403 561 1488 capessit
583 1402 768 1489 cindorem,
790 1407 903 1467 occasii
926 1403 1046 1489 nigret,

120 1510 159 1576 ld
174 1511 260 1597 quod
270 1510 373 1575 nostri
383 1510 504 1574 coelum
515 1512 705 1594 memorent,
715 1506 791 1573 Grei
800 1509 972 1593 perhibent
981 1509 1122 1573 aethera:
1142 1528 1177 1577 90

85 1643 98 1682 s
113 1618 278 1703 Quidquid
295 1621 344 1682 est
361 1617 437 1704 hoc,
455 1616 562 1681 omnio
581 1616 703 1680 enimet
721 1616 839 1680 fdrmut
853 1616 912 1681 elit
926 1618 1023 1704 suget
1037 1621 1123 1681 creet

112 1724 237 1810 Sepelit
259 1723 438 1808 recipitque
459 1723 495 1787 1‘n
515 1744 582 1787 sese
603 1723 724 1808 omniu,
747 1723 953 1807 6mniumque
971 1723 1056 1788 idem
1075 1725 1123 1788 est

750 1833 855 1914 pater,

109 1937 333 2022 'Indidemque
365 1937 474 2002 eedem
502 1938 601 2020 etque
630 1936 779 2001 oriuntur
806 1936 843 2000 de
870 1936 998 2024 integro
1026 1941 1123 2021 atque

750 2043 860 2108 eodem
885 2043 1042 2107 occidunt.
1131 2070 1134 2078 ¹

181 2185 271 2239 Varro
290 2184 326 2237 de
344 2182 361 2238 l.
382 2182 400 2238 l
418 2181 444 2237 V
459 2189 491 2236 17
511 2183 547 2238 Μ.
583 2182 635 2236 ‘sie
656 2181 766 2236 caelum
783 2184 813 2235 et
831 2199 970 2235 summum
987 2181 1037 2236 ubi
1056 2183 1122 2236 stel-

108 2257 169 2325 lee,
194 2258 223 2309 et
246 2254 276 2307 id
299 2253 375 2322 quod
397 2253 549 2322 Pacuuius,
573 2271 637 2307 cum
660 2253 846 2320 demonstret,
870 2252 940 2306 dicit
976 2258 999 2306 1.
1024 2253 1053 2324 2]
1076 2253 1121 2307 cui

10 2375 11 2382 ,
109 2325 271 2397 subiungit:
289 2325 325 2378 id
343 2325 431 2393 quod
449 2324 561 2379 nostri
580 2323 712 2378 coelum
729 2324 935 2378 memorent!
963 2254 1073 2376 lbidem
1087 2329 1120 2377 19

111 2400 152 2453 ‘et
170 2397 237 2451 hinc
256 2396 378 2465 coelum,
401 2395 546 2464 qnoniam,
570 2398 603 2449 ut
621 2395 693 2464 dixi,
716 2395 778 2449 hoc
797 2393 924 2448 circum
939 2397 1121 2450 ...terrem

110 2486 214 2524 cauum
236 2467 365 2522 caelum)
404 2466 438 2522 cf.
456 2467 535 2521 Lucr.
555 2465 647 2522 V318
657 2483 717 2534 sqq.
754 2464 850 2520 Cicero
869 2465 904 2520 de
921 2468 980 2519 net.
1000 2465 1075 2521 deor.
1093 2466 1122 2520 II

110 2548 159 2609 36,
174 2546 207 2594 91
233 2540 406 2592 ‘mutuemur
426 2537 479 2592 hoc
498 2554 609 2607 quoquc
627 2538 746 2592 uerbum
764 2536 927 2605 diceturque
946 2538 1006 2590 tem
1025 2537 1121 2591 sother

109 2610 224 2679 Latine,
248 2627 334 2678 quam
355 2608 458 2663 dicitur
481 2612 540 2677 cer,
565 2608 619 2662 etsi
641 2608 842 2677 interpretatur
864 2606 1017 2663 Pacuuius:
1044 2608 1121 2676 hoe,

110 2683 200 2751 quod
227 2697 384 2751 memore,
411 2679 523 2735 nostri
550 2679 912 2735 coelum...eetheru.
950 2678 1031 2747 quesi
1054 2696 1121 2734 uero

109 2771 169 2808 non
187 2752 288 2808 Graius
311 2751 364 2806 hoc
388 2751 472 2806 dicct.
510 2753 541 2804 nt
558 2750 659 2804 Latine
682 2749 825 2818 loquitur’
864 2750 960 2820 (Deest
977 2749 1024 2804 hic
1043 2750 1122 2804 locus

109 2824 141 2878 in
163 2823 247 2879 Vind.
276 2825 305 2877 et
331 2822 433 2893 Pelet.)
473 2821 551 2876 Idem
577 2822 612 2875 de
641 2820 696 2876 div.
720 2821 785 2878 ier
819 2822 992 2893 131[5-7]
1020 2821 1064 2890 (cf.
1084 2821 1121 2891 V)

109 2896 183 2950 Non.
213 2899 332 2964 144,10
366 2893 506 2963 ‘nigret,
538 2892 621 2962 nigre
647 2892 687 2948 fit.
728 2891 759 2946 P.
787 2866 975 3016 &hrysessy
1022 2891 1120 2962 (crise

110 2965 208 3022 Vrbin.
229 2969 291 3034 307)
327 2965 430 3019 Versus
451 2971 474 3019 1.
493 2970 518 3019 2.
537 2972 555 3019 4
573 2981 637 3018 cum
654 2968 723 3018 δεῖ
747 2962 904 3034 coniungen
926 2979 957 3017 os
979 2979 1040 3018 esse
1058 2979 1120 3034 per-

111 3037 204 3108 spexit
225 3035 363 3107 Scaliger,
388 3051 471 3104 quem
488 3037 586 3090 contre
604 3034 744 3104 Antiopae
762 3034 827 3090 illos
844 3033 1006 3089 inserendos
1026 3037 1121 3088 censet

109 3106 249 3178 Bergkius
264 3124 358 3177 opusc.
372 3106 443 3162 168.
470 3105 510 3162 Cf.
525 3106 562 3159 ed
576 3106 629 3160 hoc
643 3108 672 3160 et
687 3122 804 3174 sequens
819 3106 850 3162 fr.
866 3106 945 3162 Lucr.
960 3105 986 3159 Π
1000 3111 1050 3160 991
1060 3123 1120 3174 sqq.

111 3181 141 3234 et
162 3177 305 3248 Euripidis
333 3195 367 3232 ex
390 3176 544 3248 Chrysippo
571 3176 604 3231 fr.
628 3183 680 3230 839
702 3176 761 3245 N.¹,
788 3195 844 3245 quo
871 3176 917 3232 vel
945 3175 1062 3231 dubium
1088 3176 1121 3230 fit

112 3267 206 3305 ennon
227 3249 319 3304 latine
341 3264 452 3318 quoque
473 3247 585 3317 fabula,
613 3248 687 3302 unde
711 3247 743 3302 ir.
764 3248 795 3302 V.
814 3248 860 3304 VI.
880 3247 932 3303 VH
955 3247 1121 3319 depromptu

112 3324 189 3391 sunt,
208 3319 420 3390 Chrysippus
438 3318 532 3390 potius
551 3335 637 3387 quem
656 3317 772 3389 Chryses
792 3319 936 3389 appellate
953 3318 1045 3374 fuerit.

182 3451 197 3498 1
216 3451 286 3501 recte
304 3446 401 3514 deep.
417 3443 612 3500 Laclonaoooc
667 3449 683 3497 3
703 3444 760 3500 Hic
777 3446 883 3500 ueremi
901 3461 978 3514 qoem
996 3444 1033 3498 od
1045 3460 1069 3496 o.
1085 3447 1118 3496 99

111 3515 318 3588 adiungendum
332 3517 445 3586 putauit
463 3514 590 3587 Scaliger.
670 3530 703 3568 ce
722 3515 791 3569 essit
811 3517 851 3570 ed.
872 3519 940 3569 1526
958 3512 1080 3582 repescit
1097 3533 1118 3566 ω

163 3586 257 3656 nigret
276 3587 370 3643 Vrtio.
389 3585 499 3656 nigrip
553 3593 571 3640 4
588 3585 618 3638 id
637 3602 692 3653 quo
730 3585 819 3641 nostri
837 3585 947 3640 coelum
964 3585 1120 3638 memorent

925 3673 960 3727 71
