2662 3978
527 208 564 262 Μ.
583 207 761 263 Pnevvrvs

618 375 673 434 XX

139 475 222 542 (ium
246 476 385 542 iueriltos
406 475 628 564 peruestigaus
651 477 801 542 rimarem
823 477 913 544 sinus

210 598 282 654 Non.
297 603 357 668 382,
374 602 389 651 7
410 597 542 653 ‘rimari
561 597 664 652 dicitur
683 597 809 667 scrutari,
828 615 961 666 quaerere
977 598 1031 655 .ζ.’

210 704 340 759 rimarem
358 705 386 760 A
404 705 527 774 Moneo.
550 704 651 759 rimare
671 706 705 760 H
723 703 819 758 rimari
837 706 865 761 B
883 705 1014 760 inrimare
1033 704 1067 760 H
1072 704 1154 760 'LW

138 783 191 833 aut
208 776 325 830 rimarer
343 783 394 832 out
410 775 525 833 iurimat
545 777 653 832 Vossius

610 945 680 1003 XXI

142 1045 275 1131 Semper
298 1048 348 1109 eat
370 1066 463 1132 agere
486 1048 523 1109 ut
546 1046 586 1109 ne
609 1045 642 1110 in
665 1067 772 1110 amore
796 1045 938 1110 animum
962 1045 1104 1129 occupes.

212 1168 285 1222 Non.
299 1172 359 1236 355,
375 1172 407 1220 27
429 1167 610 1237 ‘occupare
629 1170 784 1222 est-rursus
804 1166 928 1221 detinere
944 1166 997 1223 ..r'

212 1289 320 1343 semper
343 1276 388 1326 sat
410 1274 528 1328 Boetius
552 1288 634 1342 super
657 1273 726 1327 satia
746 1295 766 1327 ω
839 1289 932 1328 amore
951 1273 1081 1343 Bottiwe,
1103 1245 1150 1330 eod

141 1345 230 1400 verbis
248 1352 343 1400 urere
361 1345 481 1399 traiectis
498 1360 574 1398 mare
594 1365 615 1398 ω

602 1512 687 1572 ΧΧΠ

141 1613 339 1679 concertare
367 1634 402 1678 ao
427 1611 594 1678 dissentire
616 1613 702 1698 perti
725 1635 762 1678 ac
784 1614 824 1678 de
847 1636 974 1679 rursum
997 1615 1149 1699 aequiter.

211 1735 284 1789 Non.
304 1740 364 1803 512,
380 1740 413 1788 27
434 1734 607 1802 ‘aequIter
626 1752 676 1804 pro
695 1736 803 1803 aeque?

212 1843 373 1896 concertare
391 1858 424 1895 ac
443 1841 591 1897 dissentire
608 1843 718 1911 partem
736 1842 901 1896 da-cursum
915 1841 1041 1911 aequiter
1055 1864 1084 1897 ω.
1113 1844 1151 1898 Ia

137 1915 242 1969 nostrie
259 1929 369 1966 rursum
386 1915 528 1982 ordinauit
545 1914 663 1969 Bottius
717 1912 844 1982 aequiter
861 1930 911 1969 orn.
930 1916 978 1969 Bu

595 2080 697 2140 XXIII

140 2179 275 2267 Omnes,
298 2182 354 2267 qui
377 2185 444 2246 tam
467 2203 563 2267 quern
585 2182 645 2246 nde
668 2181 821 2266 (seuero)
843 2181 989 2246 se'ruiunt

141 2287 210 2354 Sub
234 2289 348 2375 regno,
371 2287 488 2353 callent
511 2288 676 2352 deminum
698 2289 834 2374 imperia
855 2289 1004 2352 me‘tuere.
1170 2307 1202 2356 75

213 2409 285 2463 Non.
306 2413 396 2477 268‚1
418 2409 542 2464 ‘callet
560 2409 701 2480 significat
720 2409 773 2464 scit
789 2411 841 2466 ...'

126 2528 128 2532 ’
215 2521 229 2569 1
250 2531 347 2570 seuero
365 2533 414 2572 ern.
435 2537 456 2570 ω
479 2515 625 2570 seruitium
643 2518 707 2572 add.
725 2535 746 2574 oo
836 2523 851 2570 2
871 2516 1015 2571 dominum
1032 2515 1151 2586 imperia
1205 2507 1207 2512 ’

142 2586 285 2642 Mercerue
303 2586 440 2641 domitum
457 2586 574 2658 imperio
593 2608 623 2656 co,
642 2589 698 2643 aiei
716 2589 788 2658 quod
805 2587 953 2658 imperium
966 2588 993 2643 B
1011 2595 1037 2644 et
1056 2589 1149 2644 Vrtio.

141 2656 288 2712 dominum
305 2653 452 2727 imperium
471 2659 562 2715 Faber
580 2657 681 2713 domiti
698 2658 814 2729 irnperio
833 2660 952 2715 Bottiue

600 2827 698 2885 XXIV

462 2927 605 3014 Tegeaea
626 2926 782 2994 Arcadiae
805 2928 920 2995 ciuitas
1158 2939 1206 2995 75³

214 3047 306 3103 Schol.
330 3046 407 3103 Leid.
431 3048 469 3102 ad
486 3048 569 3119 Verg.
589 3048 637 3104 Ge.
657 3049 718 3104 118
743 3047 884 3120 ‘Tegeaee
907 3067 974 3105 uero
1001 3067 1018 3104 a
1041 3049 1151 3104 deriua-

141 3119 219 3174 tione
238 3119 375 3188 estquod
394 3121 437 3173 eet
455 3119 611 3201 Tegeaeus:
631 3137 648 3174 a
666 3120 760 3190 Tegea
778 3121 881 3191 oppido
900 3121 1045 3176 Arcadiae.
1080 3121 1152 3176 Item

112 3239 116 3246 .
141 3190 273 3261 Tegeaee
295 3190 433 3245 Arcadiae
457 3189 570 3260 ciuitas,
594 3194 627 3244 ut
649 3191 725 3261 apud
746 3191 901 3246 Pacuuium
922 3192 953 3246 in
971 3191 1150 3248 Atalanta:

141 3261 299 3332 Tegeaea
316 3260 487 3316 Arcadiae
506 3261 647 3329 ciuitas,
666 3264 695 3316 et
712 3260 841 3331 reliqua)

213 3369 279 3422 Non
290 3368 375 3438 plane
388 3369 622 3439 praetereundum
635 3368 746 3424 videtur
760 3369 846 3426 schol.
854 3371 1014 3425 Veronense
1023 3370 1149 3440 edVerg.

142 3439 211 3494 Aen.
229 3439 282 3493 XII
295 3445 348 3495 468
366 3459 392 3510 p.
410 3446 469 3508 107,
484 3445 499 3495 5
513 3440 546 3496 K.
582 3439 712 3494 ‘Iuturna
730 3439 894 3514 uirago]1-
909 3473 943 3482 -
957 3474 991 3482 -
1011 3441 1102 3510 qualis
1120 3440 1151 3496 in

142 3509 296 3581 tragoediis
314 3511 451 3566 Atalanta
472 3510 613 3566 traditur.'
668 3512 816 3566 Praeterea
834 3513 1007 3567 reddendum
1024 3511 1091 3566 huic
1109 3512 1151 3578 fa-

142 3582 227 3636 bulae
246 3581 372 3652 suspicor
389 3582 442 3637 inc.
461 3582 519 3638 fab.
538 3583 570 3637 fr.
590 3583 628 3650 X3
646 3580 780 3638 incertior
796 3583 957 3638 contectura
975 3583 1010 3637 de
1028 3582 1061 3638 fr.
1080 3581 1114 3638 V.

198 3681 279 3724 Senon.
293 3692 354 3733 poss.
369 3681 433 3725 Rom,
447 3681 529 3734 fragm.
543 3682 577 3724 ed.
592 3681 706 3725 Βιιιιιιιοιι.
976 3676 991 3724 7
