2644 3982
305 238 355 291 EX
372 236 539 292 INCERTIS
558 237 799 293 INOERTORVM
818 238 971 293 FABVLIS
1078 240 1143 304 299

133 417 184 454 nos
204 398 293 453 aeris
313 397 450 468 argenti
469 397 542 451 auri
562 414 648 452 uenas
666 397 805 467 penItus
825 397 966 453 abditas
984 399 1143 454 inuenimus

133 474 162 525 et
180 471 217 524 ad
235 487 317 524 usum
336 473 417 538 aptas
437 472 466 523 et
484 469 521 523 ad
540 471 669 523 ornatum
686 469 821 524 decoras?
849 469 931 524 Vnde
945 487 1041 524 versus
1055 471 1144 552 parti·

134 542 227 596 oulam
259 539 356 595 elicuit
387 544 453 610 post
480 540 630 594 Gruterum
656 540 793 610 Langius‚
826 540 875 608 qui
908 544 1077 610 comparatis
1109 559 1143 597 ex

134 612 267 682 Aeschyli
284 612 451 666 Prometheo
469 630 495 666 v.
516 616 567 664 500
582 628 642 679 sqq.
660 611 771 678 ’ἔνερθε
791 609 822 665 δὲ
841 610 946 680 χθονός
964 613 1141 684 Κεκρυμμέν’

78 699 81 706 “
132 686 327 753 ἀνθρώποισιν
355 681 524 753 ὠφελήματα
550 683 663 736 Xuiros
691 679 807 751 σίδηρον
834 681 958 754 ἄργυρον
985 684 1087 753 χρυσόν
1113 705 1143 740 τε

130 776 155 812 κ.
174 775 197 809 τ.
217 760 239 809 λ.
267 753 346 808 Accii
377 754 543 808 Prometheo
575 753 626 807 illa
658 753 771 822 tribuit,
804 753 854 807 sed
886 753 999 808 omnino
1033 755 1142 811 ineerta

130 826 300 881 coniectura.

200 934 238 987 Iri
256 934 409 1002 septenario
426 931 537 1001 repperi
556 949 575 986 e.
596 949 617 986 o.
636 933 760 1000 suppleri
778 932 840 987 lieet

561 1082 712 1141 LXXXVI

129 1168 224 1232 Prius
247 1167 341 1231 undis
364 1167 493 1231 flamma
1143 1181 1194 1229 155

201 1289 297 1344 Cicero
315 1287 387 1343 Phil.
406 1287 471 1342 XIH
486 1294 532 1355 21,
546 1293 581 1342 49
607 1286 716 1356 ‘prius
738 1286 839 1340 undis
861 1286 1011 1356 flamma,
1035 1291 1072 1342 ut
1090 1289 1141 1342 ait

129 1363 232 1429 poeta
259 1358 376 1414 neseio
400 1358 488 1426 quis,
515 1357 593 1428 prius
617 1358 737 1426 denique
761 1358 867 1426 omnia,
896 1376 981 1426 quam
1005 1362 1055 1413 aut
1078 1376 1141 1414 eum

128 1431 259 1485 Antoniis
282 1447 326 1484 res
349 1429 464 1500 publiea
487 1432 538 1483 aut
561 1447 624 1483 oum
646 1446 676 1483 re
698 1428 813 1498 publiea
831 1429 948 1484 Antonii
970 1431 1088 1484 redeant
1110 1430 1141 1484 in

129 1502 270 1572 gratiam.’
309 1500 348 1556 cf.
373 1500 495 1572 Augusti
522 1499 629 1554 dietum
653 1500 728 1569 apud
751 1499 878 1555 Cassium
902 1500 1020 1554 Dionem
1043 1501 1091 1555 LV
1106 1508 1139 1555 13

128 1578 238 1629 θᾶσσον
258 1618 263 1629 .
281 1617 286 1628 .
306 1581 361 1642 πῦρ
393 1571 477 1627 iiam
504 1571 704 1643 μιχθήσεσθαι.
741 1570 902 1625 Promethei
935 1588 995 1626 esse
1021 1576 1140 1641 possunt

129 1644 204 1715 (hist.
223 1647 295 1715 trag.
315 1647 387 1713 545).

198 1750 282 1804 undis
305 1750 418 1805 flamma
441 1772 457 1822 χ
481 1751 609 1806 Ferrarii
635 1750 726 1804 undas
753 1749 896 1802 flammam
918 1761 941 1817 ψ
970 1767 1033 1804 oum
1056 1750 1139 1804 undis

128 1822 241 1876 flamma
262 1822 366 1893 Grypo.

552 1868 718 1958 Lxxxvu

127 1999 293 2065 ‘Animum
316 2001 448 2064 aduerte
472 2022 508 2064 ao
532 2001 618 2065 dioto
640 2003 730 2084 pare!

541 2105 561 2147 ³1⁵
712 2105 732 2147 ³1⁵

627 2150 646 2191 s

53 2235 55 2240 ·
127 2213 260 2278 Praete'r
281 2213 459 2299 rogitatum
481 2212 509 2276 si
531 2211 637 2276 h1‘sees

199 2335 298 2390 Cicero
312 2351 362 2403 pro
381 2332 497 2388 Rabirio
516 2333 591 2387 Post.
609 2339 654 2402 11,
671 2339 705 2386 29
728 2334 858 2403 ‘regum
877 2334 974 2386 autem
988 2334 1054 2386 sunt
1067 2332 1137 2386 haee

127 2406 284 2476 imperia:
318 2405 464 2459 animum
496 2404 639 2458 aduerte
670 2421 708 2457 ao
736 2404 829 2458 dieto
856 2421 949 2473 pare3
984 2407 1013 2457 et
1039 2405 1079 2476 [2]
1108 2407 1138 2457 et

128 2479 195 2533 illae
213 2477 306 2532 minae
326 2478 407 2549 [Enn.
427 2476 499 2531 Med.
515 2475 599 2547 VII].'

199 2591 215 2638 2
234 2583 258 2638 si
285 2583 376 2637 hisces
403 2585 501 2652 scripsi
523 2581 547 2636 si
570 2583 620 2652 (uei
644 2581 691 2650 sit)
713 2581 759 2652 pie
783 2584 836 2650 (oei
858 2580 933 2653 piae)
952 2605 973 2636 ω
997 2580 1022 2635 si
1045 2581 1137 2650 sapies

128 2657 264 2728 Berpkirm
283 2654 382 2725 supple
401 2655 556 2710 Pulmerius
574 2652 598 2706 si
617 2653 686 2722 quid
705 2654 836 2708 Halmius
904 2655 963 2710 Vrro
980 2670 1060 2708 uersa
1078 2652 1138 2706 eni·

127 2745 204 2781 mum
223 2744 248 2782 a.
268 2743 301 2780 ae
320 2727 346 2781 d.
365 2744 392 2794 p.
412 2728 441 2779 et
458 2728 570 2795 praeter
587 2724 742 2795 rogitatum
762 2724 813 2778 sile
832 2725 894 2780 Bae

538 2858 721 2917 LXXXVIII

125 2958 263 3023 Peresint
285 2959 393 3043 amici,
416 2960 492 3023 dum
514 2958 639 3024 inimici
661 2982 726 3023 una
749 2959 954 3024 intercidant!

198 3078 293 3134 Cicero
311 3098 362 3150 pro
380 3097 446 3150 rege
465 3079 597 3134 Deiotaro
617 3085 646 3148 9,
662 3086 695 3134 25
720 3081 766 3134 ‘de
784 3079 909 3134 Domitio
933 3079 1006 3134 dixit
1024 3096 1136 3134 uersum

127 3151 262 3205 Graecum
287 3153 386 3206 eedem
409 3151 561 3220 sententia,
585 3168 642 3219 qua
661 3149 748 3205 etiam
766 3168 817 3205 nos
835 3151 971 3205 habemus
989 3151 1135 3206 Latinumz

125 3223 283 3292 pereant’
304 3239 326 3275 e.
347 3240 372 3289 q.
393 3241 413 3276 s.
506 3223 618 3276 ‘uersus
645 3221 796 3276 immanis!
834 3221 1009 3292 Augustinus
1038 3224 1136 3276 eontra

126 3293 262 3346 Faustum
279 3298 312 3345 16
333 3293 421 3347 ‘siout
439 3296 483 3347 est
500 3292 552 3346 illa
569 3291 717 3346 notissima
736 3296 766 3346 et
783 3294 960 3361 quarundam
977 3293 1135 3364 litterarum

125 3362 277 3418 memoriae
309 3365 504 3418 commendata
535 3363 642 3417 furiosa
674 3364 830 3420 sententia:
862 3365 998 3434 pereantt
1024 3380 1093 3430 eq.
1114 3381 1135 3416 s.

127 3433 234 3489 Graeca
261 3433 341 3488 varia
369 3434 525 3505 comparari
552 3433 632 3503 lieet,
660 3433 787 3503 inprimis
816 3435 911 3506 adesp.
937 3439 1010 3504 trag.
1030 3439 1080 3487 362
1095 3433 1137 3487 N*

126 3503 226 3575 ἐρρέτω
246 3503 326 3576 φίλος
345 3506 396 3560 σὺν
415 3502 517 3579 ἐχθρῷ.

196 3630 252 3667 una
271 3610 379 3666 inimici
397 3612 538 3666 intereant
556 3633 572 3682 χ
