<?xml version="1.0" encoding="UTF-8"?>
<!DOCTYPE html PUBLIC "-//W3C//DTD XHTML 1.0 Transitional//EN"
    "http://www.w3.org/TR/xhtml1/DTD/xhtml1-transitional.dtd">
<html xmlns="http://www.w3.org/1999/xhtml" xml:lang="en" lang="en">
 <head>
  <title>
</title>
<meta http-equiv="Content-Type" content="text/html;charset=utf-8" />
  <meta name='ocr-system' content='tesseract 3.04.00' />
  <meta name='ocr-capabilities' content='ocr_page ocr_carea ocr_par ocr_line ocrx_word'/>
</head>
<body>
  <div class='ocr_page' id='page_1' title='image "./scaenicaeromano06ribbgoog_0336.png"; bbox 0 0 2644 3982; ppageno 0'>
   <div class='ocr_carea' id='block_1_1' title="bbox 464 1019 830 1106">
    <p class='ocr_par' dir='ltr' id='par_1_1' title="bbox 464 1019 830 1106">
     <span class='ocr_line' id='line_1_1' title="bbox 464 1019 830 1106; baseline 0 0"><span class='ocrx_word' id='word_1_1' title='bbox 464 1020 547 1106; x_wconf 79' lang='grc' dir='ltr'>ΟΝ.</span> <span class='ocrx_word' id='word_1_2' title='bbox 580 1019 830 1106; x_wconf 75' lang='lat' dir='ltr'>Nluvlvs</span> 
     </span>
    </p>
   </div>
   <div class='ocr_carea' id='block_1_2' title="bbox 526 1193 848 1256">
    <p class='ocr_par' dir='ltr' id='par_1_2' title="bbox 526 1193 848 1256">
     <span class='ocr_line' id='line_1_2' title="bbox 526 1193 848 1256; baseline 0.006 -2"><span class='ocrx_word' id='word_1_3' title='bbox 526 1193 769 1254; x_wconf 80' lang='lat' dir='ltr'>OLASTIDIVM</span> <span class='ocrx_word' id='word_1_4' title='bbox 845 1249 848 1256; x_wconf 86' lang='lat'><em>.</em></span> 
     </span>
    </p>
   </div>
   <div class='ocr_carea' id='block_1_3' title="bbox 189 1320 658 1467">
    <p class='ocr_par' dir='ltr' id='par_1_3' title="bbox 189 1320 658 1467">
     <span class='ocr_line' id='line_1_3' title="bbox 189 1320 658 1467; baseline 0.002 -1"><span class='ocrx_word' id='word_1_5' title='bbox 189 1403 365 1467; x_wconf 71' lang='lat' dir='ltr'>uitulanhes</span> <span class='ocrx_word' id='word_1_6' title='bbox 643 1320 658 1378; x_wconf 70' lang='lat' dir='ltr'>I</span> 
     </span>
    </p>
   </div>
   <div class='ocr_carea' id='block_1_4' title="bbox 144 1524 1154 1666">
    <p class='ocr_par' dir='ltr' id='par_1_4' title="bbox 144 1524 1154 1666">
     <span class='ocr_line' id='line_1_4' title="bbox 214 1524 1154 1595; baseline 0 -17"><span class='ocrx_word' id='word_1_7' title='bbox 214 1525 304 1578; x_wconf 84' lang='lat' dir='ltr'>Varro</span> <span class='ocrx_word' id='word_1_8' title='bbox 324 1524 359 1578; x_wconf 91' lang='lat' dir='ltr'>de</span> <span class='ocrx_word' id='word_1_9' title='bbox 377 1524 396 1578; x_wconf 93' lang='lat' dir='ltr'>l.</span> <span class='ocrx_word' id='word_1_10' title='bbox 411 1524 429 1580; x_wconf 84' lang='lat' dir='ltr'>l.</span> <span class='ocrx_word' id='word_1_11' title='bbox 444 1524 495 1578; x_wconf 80' lang='lat' dir='ltr'>Vll</span> <span class='ocrx_word' id='word_1_12' title='bbox 511 1531 562 1579; x_wconf 76' lang='lat'>107</span> <span class='ocrx_word' id='word_1_13' title='bbox 576 1525 613 1580; x_wconf 90' lang='lat' dir='ltr'>M.</span> <span class='ocrx_word' id='word_1_14' title='bbox 635 1526 736 1579; x_wconf 73' lang='lat' dir='ltr'>‘mulla</span> <span class='ocrx_word' id='word_1_15' title='bbox 755 1526 831 1595; x_wconf 88' lang='lat' dir='ltr'>apud</span> <span class='ocrx_word' id='word_1_16' title='bbox 848 1527 947 1594; x_wconf 70' lang='lat' dir='ltr'>poetae</span> <span class='ocrx_word' id='word_1_17' title='bbox 965 1524 1075 1594; x_wconf 87' lang='lat' dir='ltr'>reliqua</span> <span class='ocrx_word' id='word_1_18' title='bbox 1093 1541 1154 1580; x_wconf 83' lang='lat' dir='ltr'>esse</span> 
     </span>
     <span class='ocr_line' id='line_1_5' title="bbox 144 1595 1154 1666; baseline 0 -17"><span class='ocrx_word' id='word_1_19' title='bbox 144 1595 243 1666; x_wconf 82' lang='lat' dir='ltr'>verba,</span> <span class='ocrx_word' id='word_1_20' title='bbox 271 1613 391 1664; x_wconf 89' lang='lat' dir='ltr'>quorum</span> <span class='ocrx_word' id='word_1_21' title='bbox 418 1595 539 1666; x_wconf 80' lang='lat' dir='ltr'>origines</span> <span class='ocrx_word' id='word_1_22' title='bbox 567 1596 678 1666; x_wconf 80' lang='lat' dir='ltr'>possint</span> <span class='ocrx_word' id='word_1_23' title='bbox 704 1596 774 1666; x_wconf 84' lang='lat' dir='ltr'>diei,</span> <span class='ocrx_word' id='word_1_24' title='bbox 800 1614 858 1651; x_wconf 88' lang='lat' dir='ltr'>non</span> <span class='ocrx_word' id='word_1_25' title='bbox 883 1595 995 1665; x_wconf 74' lang='lat' dir='ltr'>dubito,</span> <span class='ocrx_word' id='word_1_26' title='bbox 1023 1600 1056 1651; x_wconf 77' lang='lat' dir='ltr'>ut</span> <span class='ocrx_word' id='word_1_27' title='bbox 1078 1597 1154 1666; x_wconf 87' lang='lat' dir='ltr'>apud</span> 
     </span>
    </p>
   </div>
   <div class='ocr_carea' id='block_1_5' title="bbox 144 1666 1152 1794">
    <p class='ocr_par' dir='ltr' id='par_1_5' title="bbox 144 1666 1152 1794">
     <span class='ocr_line' id='line_1_6' title="bbox 144 1666 1152 1738; baseline 0.002 -18"><span class='ocrx_word' id='word_1_28' title='bbox 144 1666 286 1722; x_wconf 84' lang='lat' dir='ltr'>Naeuium</span> <span class='ocrx_word' id='word_1_29' title='bbox 307 1666 337 1721; x_wconf 88' lang='lat' dir='ltr'>in</span> <span class='ocrx_word' id='word_1_30' title='bbox 359 1666 481 1722; x_wconf 82' lang='lat' dir='ltr'>Aesiona</span> <span class='ocrx_word' id='word_1_31' title='bbox 496 1711 501 1722; x_wconf 89' lang='lat'>.</span> <span class='ocrx_word' id='word_1_32' title='bbox 515 1712 519 1722; x_wconf 93' lang='lat'>.</span> <span class='ocrx_word' id='word_1_33' title='bbox 534 1667 565 1721; x_wconf 95' lang='lat' dir='ltr'>in</span> <span class='ocrx_word' id='word_1_34' title='bbox 588 1667 737 1724; x_wconf 77' lang='lat' dir='ltr'>Clastidio:</span> <span class='ocrx_word' id='word_1_35' title='bbox 765 1667 975 1738; x_wconf 78' lang='lat' dir='ltr'>uitulanies‚</span> <span class='ocrx_word' id='word_1_36' title='bbox 1000 1685 1017 1722; x_wconf 90' lang='lat' dir='ltr'>a</span> <span class='ocrx_word' id='word_1_37' title='bbox 1034 1667 1152 1722; x_wconf 70' lang='lat' dir='ltr'>Vibula’</span> 
     </span>
     <span class='ocr_line' id='line_1_7' title="bbox 145 1737 802 1794; baseline 0.003 -2"><span class='ocrx_word' id='word_1_38' title='bbox 145 1737 185 1792; x_wconf 76' lang='lat' dir='ltr'>uf.</span> <span class='ocrx_word' id='word_1_39' title='bbox 204 1737 293 1792; x_wconf 81' lang='lat' dir='ltr'>Naev.</span> <span class='ocrx_word' id='word_1_40' title='bbox 313 1744 346 1792; x_wconf 81' lang='lat'>32</span> <span class='ocrx_word' id='word_1_41' title='bbox 365 1739 435 1793; x_wconf 88' lang='lat' dir='ltr'>Enn.</span> <span class='ocrx_word' id='word_1_42' title='bbox 451 1745 511 1794; x_wconf 83' lang='lat'><strong>339.</strong></span> <span class='ocrx_word' id='word_1_43' title='bbox 801 1737 802 1740; x_wconf 65' lang='grc'>’</span> 
     </span>
    </p>
   </div>
   <div class='ocr_carea' id='block_1_6' title="bbox 147 1837 876 2020">
    <p class='ocr_par' dir='ltr' id='par_1_6' title="bbox 147 1837 876 2020">
     <span class='ocr_line' id='line_1_8' title="bbox 637 1837 667 1896; baseline 0.067 -2"><span class='ocrx_word' id='word_1_44' title='bbox 637 1837 667 1896; x_wconf 91' lang='grc' dir='ltr'>Π</span> 
     </span>
     <span class='ocr_line' id='line_1_9' title="bbox 147 1932 876 2020; baseline 0.005 -24"><span class='ocrx_word' id='word_1_45' title='bbox 147 1932 225 1997; x_wconf 78' lang='lat' dir='ltr'>Vita</span> <span class='ocrx_word' id='word_1_46' title='bbox 246 1932 408 2018; x_wconf 75' lang='lat' dir='ltr'>insepulta</span> <span class='ocrx_word' id='word_1_47' title='bbox 430 1936 534 2000; x_wconf 69' lang='lat' dir='ltr'>laetus</span> <span class='ocrx_word' id='word_1_48' title='bbox 556 1938 590 2000; x_wconf 87' lang='lat' dir='ltr'>in</span> <span class='ocrx_word' id='word_1_49' title='bbox 612 1938 753 2020; x_wconf 76' lang='lat' dir='ltr'>patriam</span> <span class='ocrx_word' id='word_1_50' title='bbox 775 1937 876 2001; x_wconf 85' lang='lat' dir='ltr'>redux</span> 
     </span>
    </p>
   </div>
   <div class='ocr_carea' id='block_1_7' title="bbox 143 2053 1205 2480">
    <p class='ocr_par' dir='ltr' id='par_1_7' title="bbox 143 2053 1205 2480">
     <span class='ocr_line' id='line_1_10' title="bbox 215 2053 1156 2126; baseline 0.002 -18"><span class='ocrx_word' id='word_1_51' title='bbox 215 2053 304 2108; x_wconf 84' lang='lat' dir='ltr'>Varro</span> <span class='ocrx_word' id='word_1_52' title='bbox 324 2055 359 2109; x_wconf 84' lang='lat' dir='ltr'>de</span> <span class='ocrx_word' id='word_1_53' title='bbox 376 2055 395 2109; x_wconf 94' lang='lat' dir='ltr'>l.</span> <span class='ocrx_word' id='word_1_54' title='bbox 414 2055 433 2110; x_wconf 92' lang='lat' dir='ltr'>l.</span> <span class='ocrx_word' id='word_1_55' title='bbox 447 2056 486 2109; x_wconf 87' lang='lat' dir='ltr'>IX</span> <span class='ocrx_word' id='word_1_56' title='bbox 501 2061 534 2110; x_wconf 76' lang='grc'>78</span> <span class='ocrx_word' id='word_1_57' title='bbox 555 2057 637 2110; x_wconf 84' lang='lat' dir='ltr'>‘nam</span> <span class='ocrx_word' id='word_1_58' title='bbox 650 2059 683 2109; x_wconf 77' lang='lat' dir='ltr'>ul</span> <span class='ocrx_word' id='word_1_59' title='bbox 696 2057 777 2126; x_wconf 83' lang='lat' dir='ltr'>signa</span> <span class='ocrx_word' id='word_1_60' title='bbox 791 2072 864 2123; x_wconf 89' lang='lat' dir='ltr'>quae</span> <span class='ocrx_word' id='word_1_61' title='bbox 877 2072 934 2109; x_wconf 91' lang='lat' dir='ltr'>non</span> <span class='ocrx_word' id='word_1_62' title='bbox 948 2054 1055 2110; x_wconf 76' lang='lat' dir='ltr'>habent</span> <span class='ocrx_word' id='word_1_63' title='bbox 1069 2060 1156 2126; x_wconf 77' lang='lat' dir='ltr'>capul</span> 
     </span>
     <span class='ocr_line' id='line_1_11' title="bbox 145 2125 1154 2196; baseline 0.003 -18"><span class='ocrx_word' id='word_1_64' title='bbox 145 2126 195 2178; x_wconf 81' lang='lat' dir='ltr'>aut</span> <span class='ocrx_word' id='word_1_65' title='bbox 219 2125 306 2179; x_wconf 85' lang='lat' dir='ltr'>aliam</span> <span class='ocrx_word' id='word_1_66' title='bbox 329 2126 454 2196; x_wconf 81' lang='lat' dir='ltr'>aliquam</span> <span class='ocrx_word' id='word_1_67' title='bbox 473 2129 597 2196; x_wconf 75' lang='lat' dir='ltr'>partem,</span> <span class='ocrx_word' id='word_1_68' title='bbox 620 2126 820 2180; x_wconf 79' lang='lat' dir='ltr'>nihilominus</span> <span class='ocrx_word' id='word_1_69' title='bbox 839 2125 1003 2195; x_wconf 84' lang='lat' dir='ltr'>inreliquis</span> <span class='ocrx_word' id='word_1_70' title='bbox 1022 2127 1154 2182; x_wconf 86' lang='lat' dir='ltr'>membris</span> 
     </span>
     <span class='ocr_line' id='line_1_12' title="bbox 146 2196 1156 2268; baseline 0.003 -19"><span class='ocrx_word' id='word_1_71' title='bbox 146 2211 242 2249; x_wconf 88' lang='lat' dir='ltr'>eorum</span> <span class='ocrx_word' id='word_1_72' title='bbox 261 2213 321 2250; x_wconf 82' lang='lat' dir='ltr'>esse</span> <span class='ocrx_word' id='word_1_73' title='bbox 335 2201 454 2266; x_wconf 73' lang='lat' dir='ltr'>possunt</span> <span class='ocrx_word' id='word_1_74' title='bbox 468 2197 630 2268; x_wconf 78' lang='lat' dir='ltr'>analogiae:</span> <span class='ocrx_word' id='word_1_75' title='bbox 643 2197 690 2251; x_wconf 82' lang='lat' dir='ltr'>&#39;sio</span> <span class='ocrx_word' id='word_1_76' title='bbox 703 2197 734 2250; x_wconf 91' lang='lat' dir='ltr'>in</span> <span class='ocrx_word' id='word_1_77' title='bbox 747 2196 894 2251; x_wconf 80' lang='lat' dir='ltr'>uocabulis</span> <span class='ocrx_word' id='word_1_78' title='bbox 909 2214 1024 2251; x_wconf 81' lang='lat' dir='ltr'>casuum</span> <span class='ocrx_word' id='word_1_79' title='bbox 1037 2201 1156 2266; x_wconf 75' lang='lat' dir='ltr'>possunt</span> 
     </span>
     <span class='ocr_line' id='line_1_13' title="bbox 144 2266 1205 2338; baseline 0.005 -20"><span class='ocrx_word' id='word_1_80' title='bbox 144 2266 214 2321; x_wconf 73' lang='lat' dir='ltr'>item</span> <span class='ocrx_word' id='word_1_81' title='bbox 236 2266 297 2320; x_wconf 89' lang='lat' dir='ltr'>fieri</span> <span class='ocrx_word' id='word_1_82' title='bbox 320 2285 352 2322; x_wconf 84' lang='lat' dir='ltr'>ao</span> <span class='ocrx_word' id='word_1_83' title='bbox 374 2269 472 2338; x_wconf 82' lang='lat' dir='ltr'>reponi</span> <span class='ocrx_word' id='word_1_84' title='bbox 496 2269 572 2337; x_wconf 85' lang='lat' dir='ltr'>quod</span> <span class='ocrx_word' id='word_1_85' title='bbox 590 2269 694 2338; x_wconf 74' lang='lat' dir='ltr'>aberit,</span> <span class='ocrx_word' id='word_1_86' title='bbox 713 2268 763 2321; x_wconf 88' lang='lat' dir='ltr'>ubi</span> <span class='ocrx_word' id='word_1_87' title='bbox 780 2267 906 2338; x_wconf 72' lang='lat' dir='ltr'>patietur</span> <span class='ocrx_word' id='word_1_88' title='bbox 923 2271 1024 2322; x_wconf 73' lang='lat' dir='ltr'>natura</span> <span class='ocrx_word' id='word_1_89' title='bbox 1043 2272 1072 2322; x_wconf 78' lang='lat' dir='ltr'>ei</span> <span class='ocrx_word' id='word_1_90' title='bbox 1090 2287 1155 2324; x_wconf 86' lang='lat' dir='ltr'>eon·</span> <span class='ocrx_word' id='word_1_91' title='bbox 1204 2273 1205 2278; x_wconf 77' lang='grc'>’</span> 
     </span>
     <span class='ocr_line' id='line_1_14' title="bbox 144 2337 1156 2410; baseline 0.003 -19"><span class='ocrx_word' id='word_1_92' title='bbox 144 2337 272 2409; x_wconf 75' lang='lat' dir='ltr'>suetudo,</span> <span class='ocrx_word' id='word_1_93' title='bbox 292 2339 367 2407; x_wconf 85' lang='lat' dir='ltr'>quod</span> <span class='ocrx_word' id='word_1_94' title='bbox 384 2357 595 2409; x_wconf 86' lang='lat' dir='ltr'>nonnumquam</span> <span class='ocrx_word' id='word_1_95' title='bbox 613 2341 689 2410; x_wconf 86' lang='lat' dir='ltr'>apud</span> <span class='ocrx_word' id='word_1_96' title='bbox 702 2342 802 2409; x_wconf 68' lang='lat' dir='ltr'>poetas</span> <span class='ocrx_word' id='word_1_97' title='bbox 815 2339 974 2394; x_wconf 81' lang='lat' dir='ltr'>inuenimus</span> <span class='ocrx_word' id='word_1_98' title='bbox 988 2339 1103 2410; x_wconf 76' lang='lat' dir='ltr'>factum,</span> <span class='ocrx_word' id='word_1_99' title='bbox 1123 2344 1156 2394; x_wconf 74' lang='lat' dir='ltr'>ui</span> 
     </span>
     <span class='ocr_line' id='line_1_15' title="bbox 143 2409 775 2480; baseline 0.008 -19"><span class='ocrx_word' id='word_1_100' title='bbox 143 2409 175 2462; x_wconf 92' lang='lat' dir='ltr'>in</span> <span class='ocrx_word' id='word_1_101' title='bbox 192 2409 246 2464; x_wconf 89' lang='lat' dir='ltr'>hoo</span> <span class='ocrx_word' id='word_1_102' title='bbox 266 2411 341 2480; x_wconf 87' lang='lat' dir='ltr'>apud</span> <span class='ocrx_word' id='word_1_103' title='bbox 359 2411 501 2466; x_wconf 87' lang='lat' dir='ltr'>Naeuium</span> <span class='ocrx_word' id='word_1_104' title='bbox 518 2411 549 2465; x_wconf 95' lang='lat' dir='ltr'>in</span> <span class='ocrx_word' id='word_1_105' title='bbox 568 2411 706 2466; x_wconf 78' lang='lat' dir='ltr'>Olashidio</span> <span class='ocrx_word' id='word_1_106' title='bbox 722 2412 775 2467; x_wconf 81' lang='lat'>...²</span> 
     </span>
    </p>
   </div>
   <div class='ocr_carea' id='block_1_8' title="bbox 557 2580 746 2641">
    <p class='ocr_par' dir='ltr' id='par_1_8' title="bbox 557 2580 746 2641">
     <span class='ocr_line' id='line_1_16' title="bbox 557 2580 746 2641; baseline -0.016 0"><span class='ocrx_word' id='word_1_107' title='bbox 557 2580 746 2641; x_wconf 84' lang='lat' dir='ltr'><strong>ROMVLVS</strong></span> 
     </span>
    </p>
   </div>
   <div class='ocr_carea' id='block_1_9' title="bbox 86 2695 1175 2919">
    <p class='ocr_par' dir='ltr' id='par_1_9' title="bbox 86 2695 1175 2919">
     <span class='ocr_line' id='line_1_17' title="bbox 173 2695 1175 2765; baseline 0.001 -18"><span class='ocrx_word' id='word_1_108' title='bbox 173 2740 175 2745; x_wconf 77' lang='grc'>,</span> <span class='ocrx_word' id='word_1_109' title='bbox 216 2695 355 2750; x_wconf 81' lang='lat' dir='ltr'>Ronvnvs.</span> <span class='ocrx_word' id='word_1_110' title='bbox 375 2697 471 2750; x_wconf 72' lang='lat' dir='ltr'>Lvevs.</span> <span class='ocrx_word' id='word_1_111' title='bbox 499 2696 577 2752; x_wconf 83' lang='lat' dir='ltr'>Duas</span> <span class='ocrx_word' id='word_1_112' title='bbox 595 2696 707 2750; x_wconf 84' lang='lat' dir='ltr'>fabulas</span> <span class='ocrx_word' id='word_1_113' title='bbox 725 2695 812 2750; x_wconf 80' lang='lat' dir='ltr'>fuisse</span> <span class='ocrx_word' id='word_1_114' title='bbox 829 2696 948 2765; x_wconf 83' lang='lat' dir='ltr'>probare</span> <span class='ocrx_word' id='word_1_115' title='bbox 962 2697 1080 2749; x_wconf 76' lang='lat' dir='ltr'>conatus</span> <span class='ocrx_word' id='word_1_116' title='bbox 1095 2712 1175 2748; x_wconf 86' lang='lat' dir='ltr'>eum.</span> 
     </span>
     <span class='ocr_line' id='line_1_18' title="bbox 145 2765 1156 2837; baseline 0.003 -21"><span class='ocrx_word' id='word_1_117' title='bbox 145 2783 176 2817; x_wconf 88' lang='grc' dir='ltr'>ιιι</span> <span class='ocrx_word' id='word_1_118' title='bbox 194 2765 259 2820; x_wconf 75' lang='lat' dir='ltr'>hish.</span> <span class='ocrx_word' id='word_1_119' title='bbox 279 2769 351 2837; x_wconf 82' lang='lat' dir='ltr'>irag.</span> <span class='ocrx_word' id='word_1_120' title='bbox 367 2774 401 2822; x_wconf 86' lang='lat'>63</span> <span class='ocrx_word' id='word_1_121' title='bbox 411 2786 471 2836; x_wconf 86' lang='lat' dir='ltr'><strong>sqq.</strong></span> <span class='ocrx_word' id='word_1_122' title='bbox 508 2767 636 2822; x_wconf 74' lang='lat' dir='ltr'>Donatus</span> <span class='ocrx_word' id='word_1_123' title='bbox 660 2767 690 2820; x_wconf 84' lang='lat' dir='ltr'>in</span> <span class='ocrx_word' id='word_1_124' title='bbox 708 2767 769 2823; x_wconf 84' lang='lat' dir='ltr'>Ter.</span> <span class='ocrx_word' id='word_1_125' title='bbox 789 2766 908 2836; x_wconf 85' lang='lat' dir='ltr'>Adelph.</span> <span class='ocrx_word' id='word_1_126' title='bbox 927 2766 966 2820; x_wconf 91' lang='lat' dir='ltr'>IV</span> <span class='ocrx_word' id='word_1_127' title='bbox 981 2772 1009 2835; x_wconf 78' lang='lat'>1,</span> <span class='ocrx_word' id='word_1_128' title='bbox 1025 2773 1056 2820; x_wconf 80' lang='lat'>21</span> <span class='ocrx_word' id='word_1_129' title='bbox 1079 2767 1156 2820; x_wconf 84' lang='lat' dir='ltr'>‘nam</span> 
     </span>
     <span class='ocr_line' id='line_1_19' title="bbox 86 2835 1155 2919; baseline 0.004 -32"><span class='ocrx_word' id='word_1_130' title='bbox 86 2899 90 2906; x_wconf 34' lang='grc' dir='ltr'>Ι</span> <span class='ocrx_word' id='word_1_131' title='bbox 145 2835 250 2890; x_wconf 86' lang='lat' dir='ltr'>falsum</span> <span class='ocrx_word' id='word_1_132' title='bbox 268 2840 318 2908; x_wconf 69' lang='lat' dir='ltr'>esi,</span> <span class='ocrx_word' id='word_1_133' title='bbox 340 2840 415 2908; x_wconf 85' lang='lat' dir='ltr'>quod</span> <span class='ocrx_word' id='word_1_134' title='bbox 434 2839 549 2908; x_wconf 77' lang='lat' dir='ltr'>dicitur,</span> <span class='ocrx_word' id='word_1_135' title='bbox 568 2838 753 2893; x_wconf 75' lang='lat' dir='ltr'>interuenisse</span> <span class='ocrx_word' id='word_1_136' title='bbox 772 2839 868 2919; x_wconf 82' lang='lat' dir='ltr'>lupam</span> <span class='ocrx_word' id='word_1_137' title='bbox 886 2836 1085 2892; x_wconf 85' lang='lat' dir='ltr'>Naeuianae</span> <span class='ocrx_word' id='word_1_138' title='bbox 1104 2837 1155 2891; x_wconf 86' lang='lat' dir='ltr'>fa-</span> 
     </span>
    </p>
   </div>
   <div class='ocr_carea' id='block_1_10' title="bbox 147 2906 1245 2980">
    <p class='ocr_par' dir='ltr' id='par_1_10' title="bbox 147 2906 1245 2980">
     <span class='ocr_line' id='line_1_20' title="bbox 147 2906 1245 2980; baseline 0.004 -22"><span class='ocrx_word' id='word_1_139' title='bbox 147 2906 248 2962; x_wconf 90' lang='lat' dir='ltr'>bulae</span> <span class='ocrx_word' id='word_1_140' title='bbox 273 2909 454 2965; x_wconf 88' lang='lat' dir='ltr'>alimonio&#39;</span> <span class='ocrx_word' id='word_1_141' title='bbox 476 2910 527 2980; x_wconf 80' lang='lat' dir='ltr'>(sio</span> <span class='ocrx_word' id='word_1_142' title='bbox 546 2910 589 2964; x_wconf 86' lang='lat' dir='ltr'>ed.</span> <span class='ocrx_word' id='word_1_143' title='bbox 607 2927 649 2980; x_wconf 85' lang='lat' dir='ltr'>pr.</span> <span class='ocrx_word' id='word_1_144' title='bbox 669 2910 858 2963; x_wconf 80' lang='lat' dir='ltr'>alimoniae</span> <span class='ocrx_word' id='word_1_145' title='bbox 876 2909 973 2979; x_wconf 81' lang='lat' dir='ltr'>vulgo)</span> <span class='ocrx_word' id='word_1_146' title='bbox 994 2908 1108 2962; x_wconf 84' lang='lat' dir='ltr'>‘Remi</span> <span class='ocrx_word' id='word_1_147' title='bbox 1127 2911 1157 2962; x_wconf 79' lang='lat' dir='ltr'>et</span> <span class='ocrx_word' id='word_1_148' title='bbox 1242 2966 1245 2971; x_wconf 62' lang='grc'><strong>,</strong></span> 
     </span>
    </p>
   </div>
   <div class='ocr_carea' id='block_1_11' title="bbox 27 2944 730 3051">
    <p class='ocr_par' dir='ltr' id='par_1_11' title="bbox 27 2944 730 3051">
     <span class='ocr_line' id='line_1_21' title="bbox 27 2944 730 3051; baseline 0.007 -22"><span class='ocrx_word' id='word_1_149' title='bbox 27 2944 31 3007; x_wconf 65' lang='lat'>,¹</span> <span class='ocrx_word' id='word_1_150' title='bbox 145 2977 294 3048; x_wconf 85' lang='lat' dir='ltr'>Romuli,</span> <span class='ocrx_word' id='word_1_151' title='bbox 314 2982 381 3036; x_wconf 86' lang='lat' dir='ltr'>dum</span> <span class='ocrx_word' id='word_1_152' title='bbox 399 2982 429 3035; x_wconf 93' lang='lat' dir='ltr'>in</span> <span class='ocrx_word' id='word_1_153' title='bbox 447 2981 560 3036; x_wconf 75' lang='lat' dir='ltr'>theatro</span> <span class='ocrx_word' id='word_1_154' title='bbox 579 2981 730 3051; x_wconf 56' lang='lat' dir='ltr'>ageremur)</span> 
     </span>
    </p>
   </div>
   <div class='ocr_carea' id='block_1_12' title="bbox 191 3151 658 3304">
    <p class='ocr_par' dir='ltr' id='par_1_12' title="bbox 191 3151 658 3304">
     <span class='ocr_line' id='line_1_22' title="bbox 642 3151 658 3209; baseline 0 0"><span class='ocrx_word' id='word_1_155' title='bbox 642 3151 658 3209; x_wconf 94' lang='lat' dir='ltr'>I</span> 
     </span>
     <span class='ocr_line' id='line_1_23' title="bbox 191 3251 335 3304; baseline 0 -10"><span class='ocrx_word' id='word_1_156' title='bbox 191 3251 281 3294; x_wconf 78' lang='lat' dir='ltr'>casca</span> <span class='ocrx_word' id='word_1_157' title='bbox 332 3293 335 3304; x_wconf 72' lang='grc'>,</span> 
     </span>
    </p>
   </div>
   <div class='ocr_carea' id='block_1_13' title="bbox 145 3341 1158 3566">
    <p class='ocr_par' dir='ltr' id='par_1_13' title="bbox 145 3341 1158 3566">
     <span class='ocr_line' id='line_1_24' title="bbox 169 3341 1157 3422; baseline 0 -17"><span class='ocrx_word' id='word_1_158' title='bbox 169 3341 172 3348; x_wconf 64' lang='grc'><strong>’</strong></span> <span class='ocrx_word' id='word_1_159' title='bbox 216 3351 306 3406; x_wconf 84' lang='lat' dir='ltr'>Varro</span> <span class='ocrx_word' id='word_1_160' title='bbox 325 3354 360 3406; x_wconf 86' lang='lat' dir='ltr'>de</span> <span class='ocrx_word' id='word_1_161' title='bbox 374 3352 392 3408; x_wconf 91' lang='lat' dir='ltr'>l.</span> <span class='ocrx_word' id='word_1_162' title='bbox 407 3354 425 3410; x_wconf 91' lang='lat' dir='ltr'>l.</span> <span class='ocrx_word' id='word_1_163' title='bbox 439 3355 493 3408; x_wconf 89' lang='lat' dir='ltr'>VII</span> <span class='ocrx_word' id='word_1_164' title='bbox 506 3361 541 3420; x_wconf 83' lang='lat'>54</span> <span class='ocrx_word' id='word_1_165' title='bbox 554 3356 591 3411; x_wconf 87' lang='lat' dir='ltr'>M.</span> <span class='ocrx_word' id='word_1_166' title='bbox 613 3357 717 3410; x_wconf 78' lang='lat' dir='ltr'>‘carere</span> <span class='ocrx_word' id='word_1_167' title='bbox 737 3372 754 3408; x_wconf 90' lang='lat' dir='ltr'>a</span> <span class='ocrx_word' id='word_1_168' title='bbox 772 3354 901 3420; x_wconf 78' lang='lat' dir='ltr'>carendo,</span> <span class='ocrx_word' id='word_1_169' title='bbox 921 3354 997 3422; x_wconf 90' lang='lat' dir='ltr'>quod</span> <span class='ocrx_word' id='word_1_170' title='bbox 1015 3368 1079 3406; x_wconf 88' lang='lat' dir='ltr'>eam</span> <span class='ocrx_word' id='word_1_171' title='bbox 1095 3355 1157 3406; x_wconf 75' lang='lat' dir='ltr'>tum</span> 
     </span>
     <span class='ocr_line' id='line_1_25' title="bbox 145 3422 1158 3496; baseline 0.002 -22"><span class='ocrx_word' id='word_1_172' title='bbox 145 3426 268 3490; x_wconf 79' lang='lat' dir='ltr'>purgant</span> <span class='ocrx_word' id='word_1_173' title='bbox 290 3440 323 3477; x_wconf 85' lang='lat' dir='ltr'>ao</span> <span class='ocrx_word' id='word_1_174' title='bbox 347 3424 501 3495; x_wconf 73' lang='lat' dir='ltr'>deducunt,</span> <span class='ocrx_word' id='word_1_175' title='bbox 524 3429 557 3482; x_wconf 76' lang='lat' dir='ltr'>ut</span> <span class='ocrx_word' id='word_1_176' title='bbox 580 3430 675 3482; x_wconf 80' lang='lat' dir='ltr'>careal</span> <span class='ocrx_word' id='word_1_177' title='bbox 698 3424 846 3496; x_wconf 72' lang='lat' dir='ltr'>spurcitia,</span> <span class='ocrx_word' id='word_1_178' title='bbox 872 3442 906 3480; x_wconf 86' lang='lat' dir='ltr'>ex</span> <span class='ocrx_word' id='word_1_179' title='bbox 929 3441 984 3493; x_wconf 89' lang='lat' dir='ltr'>quo</span> <span class='ocrx_word' id='word_1_180' title='bbox 1008 3422 1158 3477; x_wconf 88' lang='lat' dir='ltr'>carminari</span> 
     </span>
     <span class='ocr_line' id='line_1_26' title="bbox 147 3491 1156 3566; baseline 0.002 -21"><span class='ocrx_word' id='word_1_181' title='bbox 147 3491 251 3546; x_wconf 75' lang='lat' dir='ltr'>dieitur</span> <span class='ocrx_word' id='word_1_182' title='bbox 269 3496 331 3548; x_wconf 81' lang='lat' dir='ltr'>lum</span> <span class='ocrx_word' id='word_1_183' title='bbox 349 3494 427 3563; x_wconf 79' lang='lat' dir='ltr'>lana,</span> <span class='ocrx_word' id='word_1_184' title='bbox 451 3514 515 3552; x_wconf 87' lang='lat' dir='ltr'>cum</span> <span class='ocrx_word' id='word_1_185' title='bbox 533 3516 568 3553; x_wconf 89' lang='lat' dir='ltr'>ex</span> <span class='ocrx_word' id='word_1_186' title='bbox 586 3515 619 3553; x_wconf 88' lang='lat' dir='ltr'>ea</span> <span class='ocrx_word' id='word_1_187' title='bbox 639 3501 738 3553; x_wconf 78' lang='lat' dir='ltr'>oanmt</span> <span class='ocrx_word' id='word_1_188' title='bbox 756 3497 832 3566; x_wconf 92' lang='lat' dir='ltr'>quod</span> <span class='ocrx_word' id='word_1_189' title='bbox 850 3496 881 3550; x_wconf 88' lang='lat' dir='ltr'>in</span> <span class='ocrx_word' id='word_1_190' title='bbox 899 3513 932 3550; x_wconf 91' lang='lat' dir='ltr'>ea</span> <span class='ocrx_word' id='word_1_191' title='bbox 950 3495 1049 3549; x_wconf 79' lang='lat' dir='ltr'>haeret</span> <span class='ocrx_word' id='word_1_192' title='bbox 1066 3511 1156 3562; x_wconf 89' lang='lat' dir='ltr'>neque</span> 
     </span>
    </p>
   </div>
   <div class='ocr_carea' id='block_1_14' title="bbox 23 3542 1155 3638">
    <p class='ocr_par' dir='ltr' id='par_1_14' title="bbox 23 3542 1155 3638">
     <span class='ocr_line' id='line_1_27' title="bbox 23 3542 1155 3638; baseline 0.004 -23"><span class='ocrx_word' id='word_1_193' title='bbox 23 3542 26 3615; x_wconf 46' lang='grc' dir='ltr'>ἶ</span> <span class='ocrx_word' id='word_1_194' title='bbox 138 3566 191 3618; x_wconf 81' lang='lat' dir='ltr'>&#39;esi</span> <span class='ocrx_word' id='word_1_195' title='bbox 208 3563 295 3620; x_wconf 83' lang='lat' dir='ltr'>lana:¹</span> <span class='ocrx_word' id='word_1_196' title='bbox 307 3583 379 3633; x_wconf 87' lang='lat' dir='ltr'>quae</span> <span class='ocrx_word' id='word_1_197' title='bbox 398 3567 428 3620; x_wconf 90' lang='lat' dir='ltr'>in</span> <span class='ocrx_word' id='word_1_198' title='bbox 445 3567 565 3623; x_wconf 82' lang='lat' dir='ltr'>Romulo</span> <span class='ocrx_word' id='word_1_199' title='bbox 579 3569 705 3624; x_wconf 82' lang='lat' dir='ltr'>Naeuius</span> <span class='ocrx_word' id='word_1_200' title='bbox 724 3567 851 3638; x_wconf 68' lang='lat' dir='ltr'>appellat</span> <span class='ocrx_word' id='word_1_201' title='bbox 869 3584 983 3635; x_wconf 77' lang='lat' dir='ltr'>casea,</span> <span class='ocrx_word' id='word_1_202' title='bbox 1004 3566 1040 3620; x_wconf 88' lang='lat' dir='ltr'>ab</span> <span class='ocrx_word' id='word_1_203' title='bbox 1056 3565 1155 3624; x_wconf 65' lang='lat' dir='ltr'>Oscis?</span> 
     </span>
    </p>
   </div>
   <div class='ocr_carea' id='block_1_15' title="bbox 200 3662 995 3720">
    <p class='ocr_par' dir='ltr' id='par_1_15' title="bbox 200 3662 995 3720">
     <span class='ocr_line' id='line_1_28' title="bbox 200 3662 995 3720; baseline 0.015 -16"><span class='ocrx_word' id='word_1_204' title='bbox 200 3663 279 3706; x_wconf 63' lang='lat' dir='ltr'>Senon.</span> <span class='ocrx_word' id='word_1_205' title='bbox 293 3677 354 3714; x_wconf 70' lang='lat' dir='ltr'>poen.</span> <span class='ocrx_word' id='word_1_206' title='bbox 369 3667 433 3707; x_wconf 85' lang='lat' dir='ltr'>Rom.</span> <span class='ocrx_word' id='word_1_207' title='bbox 447 3667 528 3720; x_wconf 73' lang='lat' dir='ltr'>fragm.</span> <span class='ocrx_word' id='word_1_208' title='bbox 542 3671 576 3710; x_wconf 85' lang='lat' dir='ltr'>od.</span> <span class='ocrx_word' id='word_1_209' title='bbox 591 3670 707 3718; x_wconf 70' lang='lat' dir='ltr'>Brauon.</span> <span class='ocrx_word' id='word_1_210' title='bbox 961 3662 995 3718; x_wconf 76' lang='lat'>21</span> 
     </span>
    </p>
   </div>
   <div class='ocr_carea' id='block_1_16' title="bbox 0 0 1332 3982">
    <p class='ocr_par' dir='ltr' id='par_1_16' title="bbox 0 0 1332 3982">
     <span class='ocr_line' id='line_1_29' title="bbox 0 0 1332 3982; baseline 0 0"><span class='ocrx_word' id='word_1_211' title='bbox 0 0 1332 3982; x_wconf 95' lang='lat' dir='ltr'> </span> 
     </span>
    </p>
   </div>
  </div>
 </body>
</html>
