2662 3978
508 211 545 267 M.
565 212 744 268 PAOVVIVS
1067 212 1128 276 141

119 372 261 427 Pacuuius
282 388 388 426 nouare
411 372 586 442 propositum
607 372 706 427 uolens
728 372 821 427 noluit
843 372 918 426 intra
936 371 1018 426 binos
1036 372 1131 442 pedes,

120 448 152 499 nt
176 443 316 513 superius,
340 443 419 497 finire
443 459 567 512 sensum,
590 443 640 498 sed
659 444 812 498 secundum
830 443 993 514 Euripidem
1012 442 1131 524 dactyli-

120 533 185 570 cum
206 517 328 569 metrum
350 515 425 583 qnod
448 515 608 584 appellatur
629 514 754 582 induxit,
773 518 805 569 ut
822 515 943 570 nominis
962 514 1131 586 (mominssl)

119 586 242 641 mutatio
269 586 465 640 diuersitatem
491 586 583 654 daret,
611 585 772 640 huiusmodi
800 585 917 641 stasimo
943 603 992 640 seu
1014 585 1131 655 periodo

120 677 188 712 usus
205 658 257 712 ...’
295 657 470 712 Baccharum
496 657 526 711 in
549 656 673 727 Antiopa
701 657 785 712 choro
808 657 910 712 tribuit
932 657 1004 712 conl.
1027 657 1060 712 fr.
1080 657 1132 711 ΧΠ

121 730 294 798 Hartungus.

130 857 134 866 ·
194 842 208 890 1
229 834 352 890 euoluite
375 838 420 905 (sc.
444 853 459 890 e
481 837 601 906 latebris)
621 835 806 907 Kicssliapius
824 835 931 889 uoluite
949 856 971 889 ω
991 851 1054 888 eam
1071 834 1132 888 uol-

120 907 181 961 uite
208 908 328 962 coucam
355 905 470 960 auellite
489 906 552 961 Bac
623 923 702 960 coma
725 909 846 961 necate
870 909 1061 978 corciwnpecdo
1079 923 1133 961 csse

119 980 192 1034 cidit
211 979 342 1034 Vsemns

614 1075 643 1132 V

867 1117 936 1223 ahl

122 1248 249 1333 Cepisti
271 1270 322 1313 me
345 1249 427 1313 istos
448 1247 564 1334 uerbo,
585 1248 756 1312 miseratrir
778 1249 835 1312 tui.

194 1370 267 1426 Non.
286 1375 347 1438 4⁷7,
363 1375 396 1424 16
417 1368 613 1423 ‘miseretur
631 1384 681 1439 pro
700 1367 814 1423 miseret
829 1369 882 1424 ...'

196 1482 258 1546 lsq.
289 1479 319 1530 at
346 1476 393 1546 (ad
417 1477 495 1532 BaL
523 1493 556 1530 ac
583 1493 719 1546 suprascr.
746 1475 795 1545 W)
823 1475 924 1544 cepisti
947 1496 968 1528 ω
995 1474 1133 1528 Atalanta

121 1550 216 1620 (quasi
232 1549 345 1616 fabulae
362 1551 482 1618 comem:
502 1547 602 1616 cepisti
616 1548 757 1604 Mercercs
776 1549 838 1601 atat
855 1546 956 1628 cepisti
971 1546 1134 1601 Gulielmius

178 1626 194 1673 2
213 1635 258 1674 me
276 1636 327 1674 om.
346 1620 386 1688 L,
404 1626 437 1675 ct
454 1621 556 1689 mteper
574 1620 700 1674 senarios
718 1618 767 1673 ahl
794 1617 895 1687 cepistr
913 1636 933 1673 c.
953 1637 977 1688 q.
996 1635 1016 1672 s.
1036 1619 1134 1674 evadat

177 1690 251 1744 istoc
269 1690 356 1744 uerbo
375 1690 516 1745 Mercerus
533 1688 589 1743 isto
609 1706 672 1743 cum
690 1689 776 1743 herbo
796 1689 873 1759 (erbo
893 1690 942 1757 W)
961 1709 982 1743 ω

607 1839 651 1898 VI

123 1941 259 2006 Miseret
280 1962 346 2026 me,
368 1939 510 2005 lacrimis
532 1940 645 2027 lingua
669 1939 818 2005 debiliter
839 1943 955 2026 stupet.
1136 1959 1187 2008 355

196 2061 270 2116 Non.
290 2067 386 2131 98,17
412 2061 608 2131 ‘debiliter‚
632 2061 800 2116 debilitate?
833 2061 894 2116 Hoc
917 2064 947 2116 et
965 2078 1082 2130 sequens
1101 2061 1134 2116 fr.

122 2133 219 2204 potuit
245 2131 275 2186 in
298 2132 422 2202 Antiopa
444 2132 538 2187 locum
560 2133 678 2202 habere3
701 2132 757 2186 nisi
779 2133 851 2187 forte
875 2133 908 2188 fr.
927 2133 966 2188 VI
988 2149 1023 2187 ex
1044 2133 1135 2187 Iliona

123 2204 220 2274 potius
240 2206 401 2280 excerptum
419 2206 470 2257 est.

600 2301 659 2360 VH

125 2400 196 2478 Qua
218 2406 251 2465 te
274 2401 442 2486 adplicasti
465 2402 574 2466 tamen
596 2403 757 2467 aerumnis
780 2402 918 2467 obruta?

195 2521 355 2577 Priscianus
374 2541 400 2592 p.
421 2519 473 2577 8'60
487 2524 517 2578 P.
548 2523 638 2593 ‘plico
661 2523 751 2593 plicas
773 2523 861 2594 plicui
880 2522 926 2577 uel
944 2522 1077 2593 plicaui

125 2594 271 2649 inuenitur
292 2597 388 2648 tamen
406 2593 493 2648 etiam
511 2611 575 2648 cum
591 2594 799 2665 praepositione
817 2595 848 2648 in
866 2595 914 2649 aui
932 2594 1038 2649 faciens
1056 2611 1135 2664 prse-

124 2665 254 2734 teritum,
275 2665 324 2718 sed
342 2664 372 2718 in
390 2682 453 2719 raro
472 2682 533 2723 usu.
559 2665 699 2720 Pacuuius
715 2667 768 2722 ...’
797 2664 847 2722 ef.
861 2665 1002 2736 Antiopae
1015 2665 1048 2722 fr.
1063 2665 1134 2720 XIV.

197 2789 254 2841 qna
272 2772 320 2827 Ba
342 2788 415 2839 quae
434 2794 455 2843 φ
480 2789 536 2841 quo
554 2773 673 2828 Bothics
695 2773 762 2842 quoi
780 2791 801 2828 a
875 2772 1026 2843 adplicasti
1043 2774 1136 2843 Βηρ-

123 2856 224 2935 mos
247 2855 411 2948 adplic⁸uisti
430 2879 464 2933 H
484 2879 665 2948 adplicauisti
688 2881 825 2951 (appl.)p
906 2882 966 2934 tam
990 2881 1049 2935 edd.
1073 2887 1137 2935 acte

123 2949 326 3005 Ascecsiooam
344 2971 369 3006 a.
389 2955 467 3018 1516,
492 2951 601 3006 Vossius
620 2951 742 3038 ‘com’
800 2955 860 3006 tam
878 2968 934 3006 aer.
954 2949 1137 3021 adplicauisti

120 3038 203 3091 m
222 3039 243 3075 ω
592 3101 667 3160 vrn

713 3185 791 3270 quin
814 3185 911 3250 etiam
933 3176 1033 3270 ferae,

127 3288 254 3367 Qussius
277 3289 368 3355 abest
391 3291 432 3355 ad
453 3291 708 3375 praecauendum
731 3291 938 3377 intellegendi
962 3291 1094 3376 astritia,

126 3395 244 3462 Mortis
267 3397 386 3461 iniecto
409 3401 532 3462 terrore
554 3397 745 3462 horre'scunt
768 3449 882 3463 .....

200 3517 295 3574 Cicero
315 3519 349 3573 tle
367 3519 413 3574 fin.
428 3519 454 3573 V
469 3525 510 3588 11,
525 3524 559 3572 31
582 3520 688 3573 ‘omnes
707 3520 784 3574 metu
802 3519 901 3573 mortis
920 3518 1080 3572 afficiuntur

126 3589 209 3658 quin
228 3589 333 3643 etiam
351 3590 458 3661 ferae,
477 3589 571 3658 inquit
588 3590 737 3661 Pacuuius,
756 3590 879 3660 quibus
899 3591 998 3645 abest
1016 3590 1057 3644 ad
1075 3609 1102 3659 p.
1119 3589 1137 3644 i.
