<?xml version="1.0" encoding="UTF-8"?>
<!DOCTYPE html PUBLIC "-//W3C//DTD XHTML 1.0 Transitional//EN"
    "http://www.w3.org/TR/xhtml1/DTD/xhtml1-transitional.dtd">
<html xmlns="http://www.w3.org/1999/xhtml" xml:lang="en" lang="en">
 <head>
  <title>
</title>
<meta http-equiv="Content-Type" content="text/html;charset=utf-8" />
  <meta name='ocr-system' content='tesseract 3.04.00' />
  <meta name='ocr-capabilities' content='ocr_page ocr_carea ocr_par ocr_line ocrx_word'/>
</head>
<body>
  <div class='ocr_page' id='page_1' title='image "./scaenicaeromano06ribbgoog_0147.png"; bbox 0 0 2662 3978; ppageno 0'>
   <div class='ocr_carea' id='block_1_1' title="bbox 569 220 806 277">
    <p class='ocr_par' dir='ltr' id='par_1_1' title="bbox 569 220 806 277">
     <span class='ocr_line' id='line_1_1' title="bbox 569 220 806 277; baseline 0.008 -3"><span class='ocrx_word' id='word_1_1' title='bbox 569 221 607 277; x_wconf 90' lang='lat' dir='ltr'>M.</span> <span class='ocrx_word' id='word_1_2' title='bbox 626 220 806 276; x_wconf 78' lang='lat' dir='ltr'>PACVVIVS</span> 
     </span>
    </p>
   </div>
   <div class='ocr_carea' id='block_1_2' title="bbox 653 389 1146 578">
    <p class='ocr_par' dir='ltr' id='par_1_2' title="bbox 653 389 1146 578">
     <span class='ocr_line' id='line_1_2' title="bbox 653 389 723 448; baseline 0.014 -1"><span class='ocrx_word' id='word_1_3' title='bbox 653 389 723 448; x_wconf 87' lang='lat' dir='ltr'>XIX</span> 
     </span>
     <span class='ocr_line' id='line_1_3' title="bbox 674 483 1146 578; baseline 0.004 -24"><span class='ocrx_word' id='word_1_4' title='bbox 674 491 750 554; x_wconf 76' lang='lat' dir='ltr'>nam</span> <span class='ocrx_word' id='word_1_5' title='bbox 774 491 802 555; x_wconf 89' lang='lat' dir='ltr'>si</span> <span class='ocrx_word' id='word_1_6' title='bbox 825 494 857 554; x_wconf 88' lang='lat' dir='ltr'>te</span> <span class='ocrx_word' id='word_1_7' title='bbox 880 493 1007 576; x_wconf 76' lang='lat' dir='ltr'>regeret</span> <span class='ocrx_word' id='word_1_8' title='bbox 1028 483 1146 578; x_wconf 85' lang='lat' dir='ltr'>pudor,</span> 
     </span>
    </p>
   </div>
   <div class='ocr_carea' id='block_1_3' title="bbox 129 597 1195 753">
    <p class='ocr_par' dir='ltr' id='par_1_3' title="bbox 129 597 1195 753">
     <span class='ocr_line' id='line_1_4' title="bbox 129 597 908 683; baseline -0.003 -20"><span class='ocrx_word' id='word_1_9' title='bbox 129 615 181 663; x_wconf 90' lang='lat'>300</span> <span class='ocrx_word' id='word_1_10' title='bbox 192 597 268 664; x_wconf 82' lang='lat' dir='ltr'>Siue</span> <span class='ocrx_word' id='word_1_11' title='bbox 291 598 369 662; x_wconf 76' lang='lat' dir='ltr'>adeo</span> <span class='ocrx_word' id='word_1_12' title='bbox 394 603 449 662; x_wconf 90' lang='lat' dir='ltr'>oo&#39;r</span> <span class='ocrx_word' id='word_1_13' title='bbox 471 597 628 683; x_wconf 79' lang='lat' dir='ltr'>sapientia</span> <span class='ocrx_word' id='word_1_14' title='bbox 650 597 801 661; x_wconf 81' lang='lat' dir='ltr'>inbutum</span> <span class='ocrx_word' id='word_1_15' title='bbox 824 597 908 662; x_wconf 81' lang='lat' dir='ltr'>foret</span> 
     </span>
     <span class='ocr_line' id='line_1_5' title="bbox 252 683 1195 753; baseline 0.001 -16"><span class='ocrx_word' id='word_1_16' title='bbox 252 683 324 738; x_wconf 87' lang='lat' dir='ltr'>Non.</span> <span class='ocrx_word' id='word_1_17' title='bbox 340 689 400 753; x_wconf 79' lang='lat'>521,</span> <span class='ocrx_word' id='word_1_18' title='bbox 416 689 449 737; x_wconf 91' lang='lat'>10</span> <span class='ocrx_word' id='word_1_19' title='bbox 470 683 628 738; x_wconf 82' lang='lat' dir='ltr'><strong>‘inbuere</strong></span> <span class='ocrx_word' id='word_1_20' title='bbox 647 683 821 738; x_wconf 75' lang='lat' dir='ltr'>consuetudo</span> <span class='ocrx_word' id='word_1_21' title='bbox 840 683 972 737; x_wconf 83' lang='lat' dir='ltr'>inducere</span> <span class='ocrx_word' id='word_1_22' title='bbox 986 683 1145 738; x_wconf 84' lang='lat' dir='ltr'>existimat.</span> <span class='ocrx_word' id='word_1_23' title='bbox 1159 729 1164 739; x_wconf 94' lang='lat'>.</span> <span class='ocrx_word' id='word_1_24' title='bbox 1177 687 1195 741; x_wconf 87' lang='lat'>.&#39;</span> 
     </span>
    </p>
   </div>
   <div class='ocr_carea' id='block_1_4' title="bbox 254 792 714 860">
    <p class='ocr_par' dir='ltr' id='par_1_4' title="bbox 254 792 714 860">
     <span class='ocr_line' id='line_1_6' title="bbox 254 792 714 860; baseline -0.002 -16"><span class='ocrx_word' id='word_1_25' title='bbox 254 797 267 844; x_wconf 87' lang='lat'>1</span> <span class='ocrx_word' id='word_1_26' title='bbox 288 793 398 860; x_wconf 85' lang='lat' dir='ltr'>regeret</span> <span class='ocrx_word' id='word_1_27' title='bbox 416 793 455 846; x_wconf 83' lang='lat' dir='ltr'>ed.</span> <span class='ocrx_word' id='word_1_28' title='bbox 476 796 546 845; x_wconf 80' lang='lat'>1526</span> <span class='ocrx_word' id='word_1_29' title='bbox 565 792 674 860; x_wconf 83' lang='lat' dir='ltr'>tegeret</span> <span class='ocrx_word' id='word_1_30' title='bbox 693 810 714 843; x_wconf 86' lang='grc' dir='ltr'><em>ω</em></span> 
     </span>
    </p>
   </div>
   <div class='ocr_carea' id='block_1_5' title="bbox 185 923 1195 1112">
    <p class='ocr_par' dir='ltr' id='par_1_5' title="bbox 185 923 1195 1112">
     <span class='ocr_line' id='line_1_7' title="bbox 661 923 716 980; baseline 0 0"><span class='ocrx_word' id='word_1_31' title='bbox 661 923 716 980; x_wconf 90' lang='grc' dir='ltr'>ΧΧ</span> 
     </span>
     <span class='ocr_line' id='line_1_8' title="bbox 185 1023 1195 1112; baseline 0.001 -22"><span class='ocrx_word' id='word_1_32' title='bbox 185 1025 292 1090; x_wconf 75' lang='lat' dir='ltr'>Metus</span> <span class='ocrx_word' id='word_1_33' title='bbox 311 1029 443 1112; x_wconf 85' lang='lat' dir='ltr'>egestas,</span> <span class='ocrx_word' id='word_1_34' title='bbox 461 1027 587 1089; x_wconf 74' lang='lat' dir='ltr'>maeror</span> <span class='ocrx_word' id='word_1_35' title='bbox 605 1026 738 1108; x_wconf 89' lang='lat' dir='ltr'>senium,</span> <span class='ocrx_word' id='word_1_36' title='bbox 757 1023 953 1106; x_wconf 75' lang='lat' dir='ltr'>exiliumque</span> <span class='ocrx_word' id='word_1_37' title='bbox 968 1027 1000 1087; x_wconf 87' lang='lat' dir='ltr'>et</span> <span class='ocrx_word' id='word_1_38' title='bbox 1014 1029 1195 1091; x_wconf 76' lang='lat' dir='ltr'>senectus..</span> 
     </span>
    </p>
   </div>
   <div class='ocr_carea' id='block_1_6' title="bbox 186 1144 1197 1358">
    <p class='ocr_par' dir='ltr' id='par_1_6' title="bbox 184 1144 1197 1358">
     <span class='ocr_line' id='line_1_9' title="bbox 256 1144 1196 1216; baseline 0.001 -16"><span class='ocrx_word' id='word_1_39' title='bbox 256 1147 328 1201; x_wconf 88' lang='lat' dir='ltr'>Non.</span> <span class='ocrx_word' id='word_1_40' title='bbox 353 1153 417 1216; x_wconf 79' lang='lat'>3‚1</span> <span class='ocrx_word' id='word_1_41' title='bbox 449 1146 595 1200; x_wconf 85' lang='lat' dir='ltr'>‘senium</span> <span class='ocrx_word' id='word_1_42' title='bbox 622 1149 666 1200; x_wconf 87' lang='lat' dir='ltr'>est</span> <span class='ocrx_word' id='word_1_43' title='bbox 692 1145 819 1200; x_wconf 84' lang='lat' dir='ltr'>taedium</span> <span class='ocrx_word' id='word_1_44' title='bbox 846 1147 875 1198; x_wconf 89' lang='lat' dir='ltr'>et</span> <span class='ocrx_word' id='word_1_45' title='bbox 902 1144 1009 1213; x_wconf 83' lang='lat' dir='ltr'>odium,</span> <span class='ocrx_word' id='word_1_46' title='bbox 1043 1145 1150 1200; x_wconf 83' lang='lat' dir='ltr'>dictum</span> <span class='ocrx_word' id='word_1_47' title='bbox 1178 1165 1196 1201; x_wconf 93' lang='lat' dir='ltr'>a</span> 
     </span>
     <span class='ocr_line' id='line_1_10' title="bbox 186 1216 1197 1272; baseline 0 0"><span class='ocrx_word' id='word_1_48' title='bbox 186 1221 329 1272; x_wconf 76' lang='lat' dir='ltr'>senectute</span> <span class='ocrx_word' id='word_1_49' title='bbox 345 1234 467 1272; x_wconf 87' lang='lat' dir='ltr'>...nam</span> <span class='ocrx_word' id='word_1_50' title='bbox 485 1221 610 1272; x_wconf 83' lang='lat' dir='ltr'>aetatem</span> <span class='ocrx_word' id='word_1_51' title='bbox 627 1217 733 1271; x_wconf 86' lang='lat' dir='ltr'>malam</span> <span class='ocrx_word' id='word_1_52' title='bbox 751 1217 923 1270; x_wconf 79' lang='lat' dir='ltr'>senectutem</span> <span class='ocrx_word' id='word_1_53' title='bbox 941 1219 1049 1269; x_wconf 88' lang='lat' dir='ltr'>ueteres</span> <span class='ocrx_word' id='word_1_54' title='bbox 1064 1216 1197 1272; x_wconf 79' lang='lat' dir='ltr'>dixenmt</span> 
     </span>
     <span class='ocr_line' id='line_1_11' title="bbox 241 1286 986 1358; baseline -0.005 -14.284"><span class='ocrx_word' id='word_1_55' title='bbox 241 1289 350 1343; x_wconf 87' lang='lat' dir='ltr'>senium</span> <span class='ocrx_word' id='word_1_56' title='bbox 367 1289 461 1358; x_wconf 87' lang='lat' dir='ltr'>ipsum</span> <span class='ocrx_word' id='word_1_57' title='bbox 478 1288 603 1357; x_wconf 88' lang='lat' dir='ltr'>positum</span> <span class='ocrx_word' id='word_1_58' title='bbox 621 1287 661 1341; x_wconf 90' lang='lat' dir='ltr'>sio</span> <span class='ocrx_word' id='word_1_59' title='bbox 677 1289 762 1342; x_wconf 92' lang='lat' dir='ltr'>...P.</span> <span class='ocrx_word' id='word_1_60' title='bbox 780 1286 986 1341; x_wconf 87' lang='lat' dir='ltr'>Periboea...&#39;</span> 
     </span>
    </p>
   </div>
   <div class='ocr_carea' id='block_1_7' title="bbox 98 1395 1197 1608">
    <p class='ocr_par' dir='ltr' id='par_1_7' title="bbox 98 1395 1197 1608">
     <span class='ocr_line' id='line_1_12' title="bbox 255 1395 1196 1462; baseline 0.002 -14"><span class='ocrx_word' id='word_1_61' title='bbox 255 1397 383 1448; x_wconf 88' lang='lat' dir='ltr'>senectus</span> <span class='ocrx_word' id='word_1_62' title='bbox 402 1401 493 1450; x_wconf 74' lang='lat' dir='ltr'>taetm</span> <span class='ocrx_word' id='word_1_63' title='bbox 510 1396 573 1449; x_wconf 83' lang='lat' dir='ltr'>Bae</span> <span class='ocrx_word' id='word_1_64' title='bbox 590 1411 658 1449; x_wconf 82' lang='lat' dir='ltr'>mas.</span> <span class='ocrx_word' id='word_1_65' title='bbox 677 1395 765 1450; x_wconf 78' lang='lat' dir='ltr'>Rhea.</span> <span class='ocrx_word' id='word_1_66' title='bbox 780 1399 824 1462; x_wconf 79' lang='lat'>42,</span> <span class='ocrx_word' id='word_1_67' title='bbox 839 1398 903 1448; x_wconf 73' lang='lat'><strong>587:</strong></span> <span class='ocrx_word' id='word_1_68' title='bbox 921 1400 953 1448; x_wconf 83' lang='lat' dir='ltr'>at</span> <span class='ocrx_word' id='word_1_69' title='bbox 970 1395 1196 1462; x_wconf 71' lang='lat' dir='ltr'>interpretatam-</span> 
     </span>
     <span class='ocr_line' id='line_1_13' title="bbox 182 1463 1195 1534; baseline 0.001 -13"><span class='ocrx_word' id='word_1_70' title='bbox 182 1474 241 1521; x_wconf 82' lang='lat' dir='ltr'>twm</span> <span class='ocrx_word' id='word_1_71' title='bbox 257 1468 330 1522; x_wconf 78' lang='lat' dir='ltr'>cocis</span> <span class='ocrx_word' id='word_1_72' title='bbox 349 1465 457 1519; x_wconf 88' lang='lat' dir='ltr'>senium</span> <span class='ocrx_word' id='word_1_73' title='bbox 475 1467 620 1534; x_wconf 64' lang='lat' dir='ltr'>delebatwa</span> <span class='ocrx_word' id='word_1_74' title='bbox 640 1467 719 1520; x_wconf 78' lang='lat' dir='ltr'>cuias</span> <span class='ocrx_word' id='word_1_75' title='bbox 738 1466 794 1520; x_wconf 80' lang='lat' dir='ltr'>loco</span> <span class='ocrx_word' id='word_1_76' title='bbox 813 1463 962 1518; x_wconf 88' lang='lat' dir='ltr'>desertitas</span> <span class='ocrx_word' id='word_1_77' title='bbox 976 1467 1056 1534; x_wconf 79' lang='lat' dir='ltr'>(conl.</span> <span class='ocrx_word' id='word_1_78' title='bbox 1070 1468 1124 1522; x_wconf 78' lang='lat' dir='ltr'>iac.</span> <span class='ocrx_word' id='word_1_79' title='bbox 1138 1467 1195 1534; x_wconf 83' lang='lat' dir='ltr'>fab.</span> 
     </span>
     <span class='ocr_line' id='line_1_14' title="bbox 98 1535 1197 1608; baseline 0.003 -18"><span class='ocrx_word' id='word_1_80' title='bbox 98 1597 100 1601; x_wconf 51' lang='grc'>,</span> <span class='ocrx_word' id='word_1_81' title='bbox 182 1537 279 1606; x_wconf 85' lang='lat' dir='ltr'><strong>LXIII)</strong></span> <span class='ocrx_word' id='word_1_82' title='bbox 294 1553 350 1608; x_wconf 78' lang='lat' dir='ltr'>epo,</span> <span class='ocrx_word' id='word_1_83' title='bbox 368 1535 535 1590; x_wconf 80' lang='lat' dir='ltr'>mendicitas</span> <span class='ocrx_word' id='word_1_84' title='bbox 549 1537 611 1592; x_wconf 84' lang='lat' dir='ltr'>Bae</span> <span class='ocrx_word' id='word_1_85' title='bbox 621 1553 858 1606; x_wconf 73' lang='lat' dir='ltr'>proposueramus,</span> <span class='ocrx_word' id='word_1_86' title='bbox 873 1535 1074 1605; x_wconf 81' lang='lat' dir='ltr'>grandaeuitas</span> <span class='ocrx_word' id='word_1_87' title='bbox 1091 1537 1197 1592; x_wconf 64' lang='grc' dir='ltr'><strong><em>Οηὸοπε</em></strong></span> 
     </span>
    </p>
   </div>
   <div class='ocr_carea' id='block_1_8' title="bbox 184 1668 1195 1962">
    <p class='ocr_par' dir='ltr' id='par_1_8' title="bbox 184 1668 1195 1962">
     <span class='ocr_line' id='line_1_15' title="bbox 654 1668 724 1726; baseline 0 0"><span class='ocrx_word' id='word_1_88' title='bbox 654 1668 724 1726; x_wconf 88' lang='lat' dir='ltr'>XXI</span> 
     </span>
     <span class='ocr_line' id='line_1_16' title="bbox 184 1767 1195 1854; baseline 0.002 -22"><span class='ocrx_word' id='word_1_89' title='bbox 184 1767 318 1853; x_wconf 74' lang='lat' dir='ltr'>Triplici</span> <span class='ocrx_word' id='word_1_90' title='bbox 349 1769 591 1854; x_wconf 75' lang='lat' dir='ltr'>pertimofactus</span> <span class='ocrx_word' id='word_1_91' title='bbox 622 1791 766 1850; x_wconf 86' lang='lat' dir='ltr'>maerore</span> <span class='ocrx_word' id='word_1_92' title='bbox 798 1770 898 1834; x_wconf 74' lang='lat' dir='ltr'>animi</span> <span class='ocrx_word' id='word_1_93' title='bbox 931 1770 1052 1834; x_wconf 88' lang='lat' dir='ltr'>incerte</span> <span class='ocrx_word' id='word_1_94' title='bbox 1085 1771 1195 1834; x_wconf 78' lang='lat' dir='ltr'>errans</span> 
     </span>
     <span class='ocr_line' id='line_1_17' title="bbox 819 1880 926 1962; baseline 0.019 -24"><span class='ocrx_word' id='word_1_95' title='bbox 819 1880 926 1962; x_wconf 85' lang='lat' dir='ltr'>uagat.</span> 
     </span>
    </p>
   </div>
   <div class='ocr_carea' id='block_1_9' title="bbox 183 1978 1196 2129">
    <p class='ocr_par' dir='ltr' id='par_1_9' title="bbox 183 1978 1196 2129">
     <span class='ocr_line' id='line_1_18' title="bbox 254 1978 1196 2058; baseline 0.002 -18"><span class='ocrx_word' id='word_1_96' title='bbox 254 1987 326 2041; x_wconf 88' lang='lat' dir='ltr'>Non.</span> <span class='ocrx_word' id='word_1_97' title='bbox 345 1993 411 2057; x_wconf 76' lang='lat'>467,</span> <span class='ocrx_word' id='word_1_98' title='bbox 430 1994 465 2041; x_wconf 85' lang='lat'>33</span> <span class='ocrx_word' id='word_1_99' title='bbox 499 1989 620 2058; x_wconf 81' lang='lat' dir='ltr'>‘uagas</span> <span class='ocrx_word' id='word_1_100' title='bbox 647 2005 697 2057; x_wconf 88' lang='lat' dir='ltr'>pro</span> <span class='ocrx_word' id='word_1_101' title='bbox 726 1987 839 2058; x_wconf 73' lang='lat' dir='ltr'>haganis</span> <span class='ocrx_word' id='word_1_102' title='bbox 929 1989 959 2042; x_wconf 92' lang='lat' dir='ltr'>P.</span> <span class='ocrx_word' id='word_1_103' title='bbox 987 1987 1137 2044; x_wconf 84' lang='lat' dir='ltr'>Periboea:</span> <span class='ocrx_word' id='word_1_104' title='bbox 1151 1978 1196 2042; x_wconf 77' lang='lat' dir='ltr'>&#39;in</span> 
     </span>
     <span class='ocr_line' id='line_1_19' title="bbox 183 2057 1046 2129; baseline 0.002 -18"><span class='ocrx_word' id='word_1_105' title='bbox 183 2057 304 2128; x_wconf 85' lang='lat' dir='ltr'>triplici’</span> <span class='ocrx_word' id='word_1_106' title='bbox 326 2075 348 2114; x_wconf 91' lang='lat' dir='ltr'>e.</span> <span class='ocrx_word' id='word_1_107' title='bbox 368 2077 394 2127; x_wconf 87' lang='lat' dir='ltr'>q.</span> <span class='ocrx_word' id='word_1_108' title='bbox 414 2077 435 2114; x_wconf 91' lang='lat' dir='ltr'>s.</span> <span class='ocrx_word' id='word_1_109' title='bbox 455 2059 665 2129; x_wconf 87' lang='lat' dir='ltr'>(Periboeam</span> <span class='ocrx_word' id='word_1_110' title='bbox 682 2059 821 2129; x_wconf 87' lang='lat' dir='ltr'>triplici</span> <span class='ocrx_word' id='word_1_111' title='bbox 838 2059 916 2113; x_wconf 87' lang='lat' dir='ltr'>Leid.</span> <span class='ocrx_word' id='word_1_112' title='bbox 936 2058 1046 2129; x_wconf 88' lang='lat' dir='ltr'>Bamb.)</span> 
     </span>
    </p>
   </div>
   <div class='ocr_carea' id='block_1_10' title="bbox 183 2155 1196 2365">
    <p class='ocr_par' dir='ltr' id='par_1_10' title="bbox 183 2155 1196 2365">
     <span class='ocr_line' id='line_1_20' title="bbox 253 2155 1196 2226; baseline 0.002 -16"><span class='ocrx_word' id='word_1_113' title='bbox 253 2155 360 2226; x_wconf 84' lang='lat' dir='ltr'>triplici</span> <span class='ocrx_word' id='word_1_114' title='bbox 379 2157 489 2212; x_wconf 69' lang='lat' dir='ltr'>Vossius</span> <span class='ocrx_word' id='word_1_115' title='bbox 510 2155 541 2210; x_wconf 91' lang='lat' dir='ltr'>in</span> <span class='ocrx_word' id='word_1_116' title='bbox 559 2155 665 2226; x_wconf 86' lang='lat' dir='ltr'>triplici</span> <span class='ocrx_word' id='word_1_117' title='bbox 684 2177 705 2210; x_wconf 85' lang='grc' dir='ltr'><em>ω</em></span> <span class='ocrx_word' id='word_1_118' title='bbox 728 2163 839 2226; x_wconf 80' lang='lat' dir='ltr'>praeter</span> <span class='ocrx_word' id='word_1_119' title='bbox 857 2157 950 2224; x_wconf 84' lang='lat' dir='ltr'>BoL,</span> <span class='ocrx_word' id='word_1_120' title='bbox 969 2158 1001 2211; x_wconf 82' lang='lat' dir='ltr'>de</span> <span class='ocrx_word' id='word_1_121' title='bbox 1019 2158 1196 2226; x_wconf 69' lang='lat' dir='ltr'>pascasiae</span> 
     </span>
     <span class='ocr_line' id='line_1_21' title="bbox 183 2229 729 2365; baseline 0.005 -83"><span class='ocrx_word' id='word_1_122' title='bbox 183 2244 279 2296; x_wconf 83' lang='lat' dir='ltr'>sopra:</span> <span class='ocrx_word' id='word_1_123' title='bbox 298 2245 365 2282; x_wconf 89' lang='lat' dir='ltr'>nam</span> <span class='ocrx_word' id='word_1_124' title='bbox 383 2229 466 2283; x_wconf 76' lang='lat' dir='ltr'>latere</span> <span class='ocrx_word' id='word_1_125' title='bbox 480 2235 570 2297; x_wconf 80' lang='lat' dir='ltr'>potest</span> <span class='ocrx_word' id='word_1_126' title='bbox 644 2308 729 2365; x_wconf 71' lang='lat' dir='ltr'>XXII</span> 
     </span>
    </p>
   </div>
   <div class='ocr_carea' id='block_1_11' title="bbox 76 2407 1195 2503">
    <p class='ocr_par' dir='ltr' id='par_1_11' title="bbox 76 2407 1195 2503">
     <span class='ocr_line' id='line_1_22' title="bbox 76 2407 1195 2503; baseline 0 -31"><span class='ocrx_word' id='word_1_127' title='bbox 76 2499 78 2503; x_wconf 23' lang='grc' dir='ltr'>Ι</span> <span class='ocrx_word' id='word_1_128' title='bbox 184 2407 358 2472; x_wconf 75' lang='lat' dir='ltr'>Bsssuarum</span> <span class='ocrx_word' id='word_1_129' title='bbox 375 2408 495 2492; x_wconf 83' lang='lat' dir='ltr'>&lt;haec&gt;</span> <span class='ocrx_word' id='word_1_130' title='bbox 518 2410 555 2473; x_wconf 87' lang='lat' dir='ltr'>a&#39;c</span> <span class='ocrx_word' id='word_1_131' title='bbox 578 2408 718 2473; x_wconf 85' lang='lat' dir='ltr'>ferarum</span> <span class='ocrx_word' id='word_1_132' title='bbox 742 2408 898 2471; x_wconf 77' lang='lat' dir='ltr'>aduentus</span> <span class='ocrx_word' id='word_1_133' title='bbox 920 2429 961 2470; x_wconf 90' lang='lat' dir='ltr'>ne</span> <span class='ocrx_word' id='word_1_134' title='bbox 981 2409 1098 2471; x_wconf 73' lang='lat' dir='ltr'>taetret</span> <span class='ocrx_word' id='word_1_135' title='bbox 1116 2408 1195 2472; x_wconf 86' lang='lat' dir='ltr'>loca.</span> 
     </span>
    </p>
   </div>
   <div class='ocr_carea' id='block_1_12' title="bbox 255 2519 870 2589">
    <p class='ocr_par' dir='ltr' id='par_1_12' title="bbox 255 2519 870 2589">
     <span class='ocr_line' id='line_1_23' title="bbox 255 2519 870 2589; baseline -0.002 -16"><span class='ocrx_word' id='word_1_136' title='bbox 255 2520 327 2574; x_wconf 87' lang='lat' dir='ltr'>Non.</span> <span class='ocrx_word' id='word_1_137' title='bbox 348 2526 407 2588; x_wconf 78' lang='lat'>178,</span> <span class='ocrx_word' id='word_1_138' title='bbox 423 2525 439 2574; x_wconf 88' lang='lat'>8</span> <span class='ocrx_word' id='word_1_139' title='bbox 460 2521 594 2588; x_wconf 82' lang='lat' dir='ltr'>‘tetret‚</span> <span class='ocrx_word' id='word_1_140' title='bbox 613 2519 721 2589; x_wconf 85' lang='lat' dir='ltr'>foedet,</span> <span class='ocrx_word' id='word_1_141' title='bbox 740 2519 870 2588; x_wconf 56' lang='lat' dir='ltr'>polluat!</span> 
     </span>
    </p>
   </div>
   <div class='ocr_carea' id='block_1_13' title="bbox 184 2615 1197 2828">
    <p class='ocr_par' dir='ltr' id='par_1_13' title="bbox 184 2615 1197 2828">
     <span class='ocr_line' id='line_1_24' title="bbox 255 2615 1196 2685; baseline 0.002 -15"><span class='ocrx_word' id='word_1_142' title='bbox 255 2617 402 2671; x_wconf 85' lang='lat' dir='ltr'>beluarum</span> <span class='ocrx_word' id='word_1_143' title='bbox 430 2634 462 2671; x_wconf 90' lang='lat' dir='ltr'>ac</span> <span class='ocrx_word' id='word_1_144' title='bbox 489 2616 611 2671; x_wconf 85' lang='lat' dir='ltr'>ferarum</span> <span class='ocrx_word' id='word_1_145' title='bbox 633 2638 655 2671; x_wconf 84' lang='grc' dir='ltr'><strong>ω</strong></span> <span class='ocrx_word' id='word_1_146' title='bbox 682 2618 883 2685; x_wconf 85' lang='lat' dir='ltr'>beluarumque</span> <span class='ocrx_word' id='word_1_147' title='bbox 906 2617 962 2670; x_wconf 95' lang='lat' dir='ltr'>huc</span> <span class='ocrx_word' id='word_1_148' title='bbox 984 2615 1106 2670; x_wconf 83' lang='lat' dir='ltr'>ferarum</span> <span class='ocrx_word' id='word_1_149' title='bbox 1129 2619 1196 2672; x_wconf 78' lang='lat' dir='ltr'>olim</span> 
     </span>
     <span class='ocr_line' id='line_1_25' title="bbox 184 2687 1197 2758; baseline -0.002 -14"><span class='ocrx_word' id='word_1_150' title='bbox 184 2691 289 2758; x_wconf 76' lang='lat' dir='ltr'>scripsi.</span> <span class='ocrx_word' id='word_1_151' title='bbox 321 2689 459 2756; x_wconf 79' lang='lat' dir='ltr'>Temptara&#39;</span> <span class='ocrx_word' id='word_1_152' title='bbox 476 2691 536 2744; x_wconf 79' lang='lat' dir='ltr'>alia</span> <span class='ocrx_word' id='word_1_153' title='bbox 549 2696 672 2758; x_wconf 71' lang='lat' dir='ltr'>possunt,</span> <span class='ocrx_word' id='word_1_154' title='bbox 691 2691 764 2743; x_wconf 77' lang='lat' dir='ltr'>octat</span> <span class='ocrx_word' id='word_1_155' title='bbox 782 2689 852 2742; x_wconf 88' lang='lat' dir='ltr'>haec</span> <span class='ocrx_word' id='word_1_156' title='bbox 865 2687 988 2741; x_wconf 88' lang='lat' dir='ltr'>ferarum</span> <span class='ocrx_word' id='word_1_157' title='bbox 1002 2705 1035 2742; x_wconf 89' lang='lat' dir='ltr'>ac</span> <span class='ocrx_word' id='word_1_158' title='bbox 1048 2688 1197 2742; x_wconf 82' lang='lat' dir='ltr'>beluamm</span> 
     </span>
     <span class='ocr_line' id='line_1_26' title="bbox 184 2759 889 2828; baseline -0.004 -13"><span class='ocrx_word' id='word_1_159' title='bbox 184 2762 225 2816; x_wconf 80' lang='lat' dir='ltr'>ool</span> <span class='ocrx_word' id='word_1_160' title='bbox 243 2762 284 2827; x_wconf 80' lang='lat' dir='ltr'>(at</span> <span class='ocrx_word' id='word_1_161' title='bbox 301 2760 374 2828; x_wconf 80' lang='lat' dir='ltr'>Bae)</span> <span class='ocrx_word' id='word_1_162' title='bbox 391 2759 539 2813; x_wconf 84' lang='lat' dir='ltr'>beluarum</span> <span class='ocrx_word' id='word_1_163' title='bbox 557 2760 695 2813; x_wconf 88' lang='lat' dir='ltr'>aduentus</span> <span class='ocrx_word' id='word_1_164' title='bbox 715 2777 747 2814; x_wconf 86' lang='lat' dir='ltr'>ac</span> <span class='ocrx_word' id='word_1_165' title='bbox 765 2759 889 2814; x_wconf 85' lang='lat' dir='ltr'>ferarum</span> 
     </span>
    </p>
   </div>
   <div class='ocr_carea' id='block_1_14' title="bbox 131 2893 1198 3167">
    <p class='ocr_par' dir='ltr' id='par_1_14' title="bbox 131 2893 1198 3167">
     <span class='ocr_line' id='line_1_27' title="bbox 640 2893 742 2951; baseline 0.01 -1"><span class='ocrx_word' id='word_1_166' title='bbox 640 2893 742 2951; x_wconf 89' lang='lat' dir='ltr'>XXIII</span> 
     </span>
     <span class='ocr_line' id='line_1_28' title="bbox 131 2966 1198 3104; baseline 0.002 -49"><span class='ocrx_word' id='word_1_167' title='bbox 131 2966 387 3104; x_wconf 52' lang='lat' dir='ltr'>gggQuamquam</span> <span class='ocrx_word' id='word_1_168' title='bbox 410 2997 496 3057; x_wconf 88' lang='lat' dir='ltr'>aetas</span> <span class='ocrx_word' id='word_1_169' title='bbox 518 2995 621 3078; x_wconf 76' lang='lat' dir='ltr'>senet,</span> <span class='ocrx_word' id='word_1_170' title='bbox 645 2993 724 3057; x_wconf 85' lang='lat' dir='ltr'>satis</span> <span class='ocrx_word' id='word_1_171' title='bbox 741 2992 877 3056; x_wconf 91' lang='lat' dir='ltr'>habeam</span> <span class='ocrx_word' id='word_1_172' title='bbox 896 2993 1016 3057; x_wconf 83' lang='lat' dir='ltr'>uirium</span> <span class='ocrx_word' id='word_1_173' title='bbox 1034 2997 1072 3057; x_wconf 89' lang='lat' dir='ltr'>ut</span> <span class='ocrx_word' id='word_1_174' title='bbox 1090 2997 1122 3057; x_wconf 87' lang='lat' dir='ltr'>te</span> <span class='ocrx_word' id='word_1_175' title='bbox 1141 3015 1198 3057; x_wconf 87' lang='lat' dir='ltr'>ara</span> 
     </span>
     <span class='ocr_line' id='line_1_29' title="bbox 822 3120 958 3167; baseline 0.037 -6"><span class='ocrx_word' id='word_1_176' title='bbox 822 3120 958 3167; x_wconf 78' lang='lat' dir='ltr'>asceam..</span> 
     </span>
    </p>
   </div>
   <div class='ocr_carea' id='block_1_15' title="bbox 166 3208 1199 3428">
    <p class='ocr_par' dir='ltr' id='par_1_15' title="bbox 166 3208 1199 3428">
     <span class='ocr_line' id='line_1_30' title="bbox 255 3208 1198 3281; baseline 0.003 -18"><span class='ocrx_word' id='word_1_177' title='bbox 255 3208 414 3263; x_wconf 81' lang='lat' dir='ltr'>Priscianus</span> <span class='ocrx_word' id='word_1_178' title='bbox 431 3228 458 3279; x_wconf 87' lang='lat' dir='ltr'>p.</span> <span class='ocrx_word' id='word_1_179' title='bbox 474 3215 525 3264; x_wconf 79' lang='grc'>887</span> <span class='ocrx_word' id='word_1_180' title='bbox 544 3211 574 3264; x_wconf 92' lang='grc' dir='ltr'>Ρ.</span> <span class='ocrx_word' id='word_1_181' title='bbox 614 3210 742 3264; x_wconf 83' lang='lat' dir='ltr'>‘senesce</span> <span class='ocrx_word' id='word_1_182' title='bbox 766 3210 961 3265; x_wconf 89' lang='lat' dir='ltr'>incohatiuum</span> <span class='ocrx_word' id='word_1_183' title='bbox 983 3215 1038 3267; x_wconf 87' lang='lat' dir='ltr'>est:</span> <span class='ocrx_word' id='word_1_184' title='bbox 1061 3229 1128 3265; x_wconf 90' lang='lat' dir='ltr'>nam</span> <span class='ocrx_word' id='word_1_185' title='bbox 1146 3229 1198 3281; x_wconf 89' lang='lat' dir='ltr'>po-</span> 
     </span>
     <span class='ocr_line' id='line_1_31' title="bbox 166 3279 1199 3338; baseline 0.001 -2"><span class='ocrx_word' id='word_1_186' title='bbox 166 3304 168 3310; x_wconf 95' lang='lat'>·</span> <span class='ocrx_word' id='word_1_187' title='bbox 186 3281 302 3336; x_wconf 86' lang='lat' dir='ltr'>sitiuum</span> <span class='ocrx_word' id='word_1_188' title='bbox 325 3279 384 3334; x_wconf 88' lang='lat' dir='ltr'>eius</span> <span class='ocrx_word' id='word_1_189' title='bbox 408 3297 509 3334; x_wconf 89' lang='lat' dir='ltr'>seneo</span> <span class='ocrx_word' id='word_1_190' title='bbox 527 3280 671 3334; x_wconf 84' lang='lat' dir='ltr'>inuenitur</span> <span class='ocrx_word' id='word_1_191' title='bbox 688 3281 718 3334; x_wconf 89' lang='lat' dir='ltr'>in</span> <span class='ocrx_word' id='word_1_192' title='bbox 736 3299 796 3336; x_wconf 89' lang='lat' dir='ltr'>usu.</span> <span class='ocrx_word' id='word_1_193' title='bbox 833 3281 934 3335; x_wconf 86' lang='lat' dir='ltr'>Accius</span> <span class='ocrx_word' id='word_1_194' title='bbox 950 3281 1146 3338; x_wconf 86' lang='lat' dir='ltr'>Pacuuius</span> <span class='ocrx_word' id='word_1_195' title='bbox 1165 3282 1199 3338; x_wconf 86' lang='lat' dir='ltr'>in</span> 
     </span>
     <span class='ocr_line' id='line_1_32' title="bbox 185 3352 1188 3428; baseline 0.001 -21"><span class='ocrx_word' id='word_1_196' title='bbox 185 3353 333 3407; x_wconf 89' lang='lat' dir='ltr'>Periboea:</span> <span class='ocrx_word' id='word_1_197' title='bbox 352 3353 536 3428; x_wconf 65' lang='lat' dir='ltr'>quamquam’</span> <span class='ocrx_word' id='word_1_198' title='bbox 557 3369 579 3406; x_wconf 93' lang='lat' dir='ltr'>e.</span> <span class='ocrx_word' id='word_1_199' title='bbox 600 3371 626 3421; x_wconf 86' lang='lat' dir='ltr'>q.</span> <span class='ocrx_word' id='word_1_200' title='bbox 646 3369 666 3406; x_wconf 89' lang='lat' dir='ltr'>s.</span> <span class='ocrx_word' id='word_1_201' title='bbox 688 3352 732 3422; x_wconf 86' lang='lat' dir='ltr'>(in</span> <span class='ocrx_word' id='word_1_202' title='bbox 750 3352 918 3406; x_wconf 78' lang='lat' dir='ltr'>Periboea</span> <span class='ocrx_word' id='word_1_203' title='bbox 937 3370 991 3409; x_wconf 91' lang='lat' dir='ltr'>om.</span> <span class='ocrx_word' id='word_1_204' title='bbox 1011 3354 1106 3424; x_wconf 83' lang='lat' dir='ltr'>Sang.)</span> <span class='ocrx_word' id='word_1_205' title='bbox 1182 3403 1188 3414; x_wconf 83' lang='grc'>,</span> 
     </span>
    </p>
   </div>
   <div class='ocr_carea' id='block_1_16' title="bbox 184 3451 1197 3662">
    <p class='ocr_par' dir='ltr' id='par_1_16' title="bbox 184 3451 1197 3662">
     <span class='ocr_line' id='line_1_33' title="bbox 256 3451 1197 3520; baseline 0 -15"><span class='ocrx_word' id='word_1_206' title='bbox 256 3451 445 3518; x_wconf 78' lang='lat' dir='ltr'>Septcaorc&#39;um</span> <span class='ocrx_word' id='word_1_207' title='bbox 462 3451 574 3520; x_wconf 68' lang='lat' dir='ltr'>aquosa</span> <span class='ocrx_word' id='word_1_208' title='bbox 591 3451 717 3518; x_wconf 65' lang='lat' dir='ltr'>Botbius</span> <span class='ocrx_word' id='word_1_209' title='bbox 737 3452 877 3506; x_wconf 73' lang='lat' dir='ltr'>coustitoat</span> <span class='ocrx_word' id='word_1_210' title='bbox 895 3452 937 3506; x_wconf 89' lang='lat' dir='ltr'>M.</span> <span class='ocrx_word' id='word_1_211' title='bbox 958 3453 1097 3508; x_wconf 78' lang='lat' dir='ltr'>Hertaias.</span> <span class='ocrx_word' id='word_1_212' title='bbox 1125 3452 1197 3506; x_wconf 87' lang='lat' dir='ltr'>satis</span> 
     </span>
     <span class='ocr_line' id='line_1_34' title="bbox 184 3520 1197 3592; baseline 0.004 -18"><span class='ocrx_word' id='word_1_213' title='bbox 184 3523 306 3576; x_wconf 78' lang='lat' dir='ltr'>habeam</span> <span class='ocrx_word' id='word_1_214' title='bbox 319 3521 380 3574; x_wconf 76' lang='lat' dir='ltr'>taffi</span> <span class='ocrx_word' id='word_1_215' title='bbox 392 3522 459 3592; x_wconf 79' lang='lat' dir='ltr'>Rep.</span> <span class='ocrx_word' id='word_1_216' title='bbox 473 3527 536 3574; x_wconf 55' lang='lat' dir='ltr'>ma</span> <span class='ocrx_word' id='word_1_217' title='bbox 552 3520 620 3574; x_wconf 86' lang='lat' dir='ltr'>satis</span> <span class='ocrx_word' id='word_1_218' title='bbox 635 3520 756 3574; x_wconf 81' lang='lat' dir='ltr'>habeam</span> <span class='ocrx_word' id='word_1_219' title='bbox 769 3537 828 3574; x_wconf 92' lang='lat' dir='ltr'>rem</span> <span class='ocrx_word' id='word_1_220' title='bbox 841 3534 864 3592; x_wconf 81' lang='grc' dir='ltr'><em>ψ</em></span> <span class='ocrx_word' id='word_1_221' title='bbox 879 3522 948 3576; x_wconf 87' lang='lat' dir='ltr'>satis</span> <span class='ocrx_word' id='word_1_222' title='bbox 964 3526 1060 3578; x_wconf 90' lang='lat' dir='ltr'>tamen</span> <span class='ocrx_word' id='word_1_223' title='bbox 1073 3524 1197 3578; x_wconf 91' lang='lat' dir='ltr'>habeam</span> 
     </span>
     <span class='ocr_line' id='line_1_35' title="bbox 184 3594 498 3662; baseline -0.003 -15"><span class='ocrx_word' id='word_1_224' title='bbox 184 3597 241 3662; x_wconf 76' lang='lat' dir='ltr'>o&#39;pse</span> <span class='ocrx_word' id='word_1_225' title='bbox 259 3595 323 3649; x_wconf 78' lang='lat' dir='ltr'>olim</span> <span class='ocrx_word' id='word_1_226' title='bbox 341 3595 373 3647; x_wconf 76' lang='lat' dir='ltr'>ta</span> <span class='ocrx_word' id='word_1_227' title='bbox 390 3594 498 3649; x_wconf 66' lang='lat' dir='ltr'>acurio</span> 
     </span>
    </p>
   </div>
   <div class='ocr_carea' id='block_1_17' title="bbox 0 0 1339 3978">
    <p class='ocr_par' dir='ltr' id='par_1_17' title="bbox 0 0 1339 3978">
     <span class='ocr_line' id='line_1_36' title="bbox 0 0 1339 3978; baseline 0 0"><span class='ocrx_word' id='word_1_228' title='bbox 0 0 1339 3978; x_wconf 95' lang='lat' dir='ltr'> </span> 
     </span>
    </p>
   </div>
  </div>
 </body>
</html>
