2662 3978
184 208 227 272 94
568 207 603 262 M.
623 205 803 262 PACVVIVS

666 393 713 452 ΠΙ

184 494 346 580 <Tamen>
369 494 429 558 etsi
452 498 561 559 metuo
583 493 671 579 piata
695 495 732 559 de
755 494 841 579 palla
863 494 992 580 plagam

254 616 326 670 Non.
341 618 401 684 378,
417 621 432 670 6
452 615 571 685 ‘plaga
584 615 737 685 aliquando
751 633 817 686 pare
830 615 906 684 lenti,
925 615 1078 684 aliquando
1093 614 1192 669 omnis.

184 687 215 741 P.
229 686 421 741 Atalanta...
437 691 469 741 ut
484 687 522 768 sit
534 686 620 768 plaga
633 703 717 756 quem
731 705 806 768 nuno
821 686 939 768 dicimus
954 687 1074 768 clauum.
1102 686 1193 740 Varro

184 757 363 813 Prometheo:
382 758 512 812 eburneis
531 758 612 813 lectis
630 762 659 812 et
676 758 770 829 plaga
785 757 926 830 sigillatra.
947 757 1079 812 Afranius
1093 758 1190 830 [41a].’

255 863 333 934 pieta
351 864 398 936 de]
417 863 524 934 pietate
538 865 679 920 ABGH:
698 867 761 934 sort,
780 864 886 938 piatam
901 865 935 919 de
986 865 1064 935 palla
1077 863 1194 934 plagam

184 937 240 991 aeri
271 937 283 990 e'
295 935 382 1006 plaga
397 936 522 1006 (plagam
535 939 563 991 B
576 935 663 1006 plaga
676 936 762 1006 palga
775 939 822 992 aed
835 938 883 992 hoe
896 937 947 992 del.
961 954 994 992 ne.
1006 943 1022 989 2
1035 937 1072 1006 L)
1084 934 1193 1006 pallam

184 1010 214 1076 (p
246 1023 291 1060 am
309 1007 346 1076 L)
364 1027 386 1061 ω
439 1006 547 1076 pallam
565 1009 616 1063 del.
633 1025 653 1063 a

666 1122 710 1180 IV

186 1221 324 1288 Gradere
347 1224 444 1308 a'tque
467 1227 607 1289 atrocem
630 1226 740 1290 ooeroe
763 1224 1000 1290 confidentiam!

254 1345 326 1398 Non.
342 1349 407 1414 262,
423 1351 457 1398 10
482 1346 715 1401 ‘confidentia
737 1365 847 1401 rursum
869 1345 1026 1415 temeritas,
1050 1343 1192 1399 audacia!

256 1467 351 1506 coerce
370 1452 479 1508 Aldina
496 1469 620 1507 coercere
639 1474 660 1506 ω

675 1585 703 1642 V

186 1737 273 1750 ....
297 1687 475 1749 e'xtremum
499 1687 584 1750 intra
606 1685 777 1750 odmterem
801 1686 906 1770 ipsum
929 1684 1120 1772 praegradat

184 1790 471 1876 Parthenopaeum.

255 1912 327 1967 Non.
339 1917 381 1982 65,
393 1919 407 1967 1
420 1913 682 1994 ‘[praegradat,]
695 1913 898 1984 praegreditur,
912 1912 1071 1968 anteuenit:
1087 1911 1194 1966 dietum

185 1983 318 2125 magu.
355 1984 495 2038 Pacuurus
513 1983 673 2041 Tantalo:
698 1987 867 2040 extremum’
887 2002 910 2042 e.
930 2003 957 2054 q.
976 2003 997 2041 s.
1017 1983 1196 2054 (Atalanta

257 2168 273 2216 2
292 2162 535 2232 Parthenopaeum
558 2162 679 2234 Scaliger
700 2163 920 2219 Parthenoreum
941 2182 971 2219 a.
1008 2163 1057 2217 An
1078 2161 1195 2216 Parthe-

79 2236 82 2244 '
182 2241 399 2375 §pigmaeae
418 2235 586 2290 antecedenti
602 2233 711 2304 ipsam?
764 2234 1005 2304 Parthenopaeum
1023 2231 1197 2303 praegradat

668 2420 711 2479 VI

133 2493 168 2631 Ξῖ
185 2518 283 2584 Viam
306 2543 402 2605 quam
425 2521 572 2586 insistam
595 2521 707 2586 dubito
731 2525 788 2586 aut
810 2521 896 2606 quod
917 2519 1131 2605 primdrdium

188 2624 352 2710 Capissam
375 2626 415 2690 ad
436 2628 570 2712 stirpem
594 2627 825 2712 exquirendum
845 2678 958 2693 .....

257 2748 329 2803 Non.
345 2753 406 2816 226,
421 2754 454 2802 32
475 2748 633 2820 ‘stirpem
648 2793 689 2803 ...
704 2747 860 2804 masculino
876 2749 928 2805 ...’

259 2860 273 2908 1
289 2854 388 2908 dubito
402 2872 488 2924 quam
500 2855 630 2909 insistam
644 2855 721 2909 uiam
733 2875 763 2923 ω,
782 2873 864 2926 geion
877 2857 925 2927 gni
937 2856 1089 2912 aloaanlane
1102 2869 1196 2909 vernn

186 2927 291 2994 feeerit,
318 2944 337 2980 a
360 2929 496 2997 sequentis
519 2928 600 2982 initio
622 2933 676 2981 tres
698 2928 801 2982 iambos
823 2929 909 2982 decan
930 2933 1042 2996 stataet,
1069 2926 1126 2980 nin'
1147 2925 1195 2978 toa

186 3014 312 3053 ennnnoa
334 3000 385 3051 aut
406 2998 482 3065 quod
504 2996 686 3068 primordium
709 3015 730 3052 e.
750 3016 773 3079 q.
792 3015 812 3052 a.
832 3000 990 3068 probaoent
1067 3001 1083 3050 2
1102 2994 1141 3050 ad
1163 2995 1198 3048 H

187 3084 205 3122 a
223 3088 246 3139 φ
310 3067 511 3137 exquirendum
529 3070 668 3124 Bentinns
686 3072 877 3136 exquirentem
894 3089 915 3123 ω
982 3069 1075 3123 uirum
1092 3070 1123 3122 e'n
1140 3065 1195 3134 fine

186 3141 321 3196 oetoeeorie'
338 3141 402 3195 add.
421 3158 442 3196 a

187 3354 272 3435 aas
295 3355 458 3420 famulitas
481 3356 532 3421 uia
555 3253 787 3442 egestoawdama
809 3355 947 3422 formido
970 3355 1074 3441 pudor

256 3478 330 3533 Non.
350 3481 409 3547 109,
424 3483 458 3532 28
479 3477 674 3532 ‘famulitas
693 3481 737 3533 eet
756 3475 876 3531 seruitus
890 3520 896 3532 .
909 3521 914 3532 .
926 3476 944 3531 .’

257 3584 393 3640 familitae
412 3585 439 3639 L
493 3584 612 3640 formido
629 3600 718 3654 pauor
737 3584 776 3640 W
