2662 3978
521 265 558 319 M.
577 263 757 320 PACVVIVS

599 433 681 491 XXX

135 529 290 620 Alcy'onis
313 532 379 596 ritu
401 533 480 597 litus
503 534 696 618 peruolgans
719 534 813 599 feror.

206 652 295 707 Varro
318 653 352 707 de
370 654 388 708 l.
408 654 499 708 LVII
512 660 546 709 88
561 655 597 710 M.
637 655 731 724 ‘origo
754 655 785 708 in
807 654 851 708 his
875 655 1004 710 omnibus
1028 656 1143 725 Graeca,

135 727 168 778 ul
191 725 266 792 quod
290 725 365 794 apud
387 725 535 781 Pacuium:
564 727 705 796 alcyonis’
726 742 748 780 e.
769 744 794 794 q.
815 744 836 781 s.
876 726 961 780 ‘haec
984 727 1059 782 enim
1082 727 1144 781 auis

136 795 241 849 Graece
260 795 363 849 dicitur
381 798 500 864 ἀλκυών,
518 797 608 850 nostri
625 815 700 851 nunc
719 797 850 864 alced03
869 798 940 851 haec
958 795 1144 867 hieme'quod

134 866 228 936 pullos
252 866 356 920 dicitur
378 867 533 936 tranquillo
555 868 627 922 mari
653 869 759 930 facere,
782 884 830 922 eos
854 868 913 922 dies
933 869 1076 937 alcyonios
1095 887 1144 939 ap-

134 937 251 1007 pellant.
290 937 370 1002 Quod
394 941 437 993 est
459 939 489 991 in
512 955 595 993 uersu
619 939 775 1008 alcyonis
799 940 881 1008 ritu,
905 939 935 992 id
960 942 1003 993 est
1023 940 1083 993 eius
1102 940 1144 993 in-

136 1007 256 1062 scitoto)
300 1009 333 1063 of.
366 1009 538 1064 Ritschelius
572 1028 665 1081 opusc.
693 1010 720 1064 ΙΙ
742 1015 801 1064 500.
843 1010 1005 1080 Deiphilum
1037 1011 1144 1065 conieci

135 1080 206 1133 haec
223 1079 254 1133 in
271 1079 362 1134 iliona
380 1079 597 1149 questum'esse.

182 1185 356 1255 -pcruolans
385 1189 451 1243 Par.
481 1207 499 1242 a
526 1189 571 1258 (cf.
600 1189 683 1244 Iacer.
707 1187 733 1240 Π
756 1191 818 1257 346)
907 1188 981 1242 feror
1009 1190 1145 1244 Victorius

135 1257 213 1312 furor
230 1279 252 1310 ω
326 1309 329 1314 .

590 1339 688 1396 ΧΧΧΙ

135 1436 265 1502 'Omnes
283 1437 435 1523 lambras,
454 1438 585 1503 subluto
602 1439 686 1503 mole
705 1439 858 1530 <omnes>
877 1439 1040 1504 abstrusos
1057 1440 1145 1503 sinus
1224 1459 1226 1463 ·

209 1559 359 1613 Suetonius
383 1560 459 1629 apud
481 1561 619 1614 Isidorum
643 1561 677 1614 de
699 1562 757 1615 nal.
781 1576 874 1614 rerum
896 1560 1143 1630 4417341144.

87 1672 91 1681 .
136 1631 243 1684 Becker
261 1631 301 1699 (in
316 1631 442 1685 Suetonii
460 1631 539 1699 reliq.
559 1632 602 1685 ed.
622 1649 639 1684 a
657 1630 886 1685 Reifferscheidio
899 1650 926 1700 p.
942 1635 1004 1700 243)
1025 1631 1144 1685 ‘moles

138 1719 209 1769 quae
242 1701 366 1756 eminent
397 1705 427 1757 ct
441 1761 443 1768 Α
457 1705 625 1772 procurrunt
651 1701 735 1770 mari,
768 1703 803 1755 de
832 1701 934 1771 quibus
961 1702 1144 1758 Pacuuius:

112 1823 113 1826 ,
138 1774 247 1826 omncs’
276 1789 298 1826 e.
319 1791 344 1842 q¹
366 1791 386 1828 s.
423 1773 530 1828 Ilionae
558 1773 646 1826 tribui
674 1772 820 1827 ariolando
849 1772 893 1840 (cf.
921 1773 975 1828 inc.
1004 1773 1057 1828 inc.
1086 1773 1143 1827 fab.

137 1843 241 1914 xum),
260 1843 329 1897 ilem
347 1843 380 1898 fr.
400 1844 504 1898 XXXH
522 1846 551 1898 el
569 1844 690 1913 Bergkio
710 1846 824 1897 auctore
843 1844 965 1899 XXXIH.

208 1949 322 2003 sublula
344 1950 417 2004 mole
439 1953 538 2019 scripsi
560 1950 611 2004 sub
635 1951 693 2014 leto
716 1949 857 2020 (sublaelu
880 1951 973 2019 Bodl.)
997 1951 1070 2005 mole
1094 1954 1145 2022 (oel

137 2021 239 2090 molae)
258 2043 279 2075 ω
299 2021 350 2074 sub
369 2021 429 2074 lata
443 2021 520 2088 mole
539 2023 675 2076 Areoales
693 2021 805 2075 obiecta
822 2021 896 2075 mole
915 2023 1032 2076 Potitius
1082 2023 1145 2076 abs-

136 2096 228 2146 trusos
247 2093 489 2163 Lanuenslepcnes
507 2093 650 2146 abstrusas
670 2094 720 2162 (ccl
738 2093 891 2158 obslrusas)
911 2115 931 2146 ω
955 2094 1084 2146 obtrusas
1105 2096 1146 2147 cel

138 2163 407 2218 obrutasAreuoles
461 2162 513 2217 sub
531 2163 768 2218 litoribusmoles
788 2163 931 2217 abstrusas
951 2181 971 2218 s.
991 2165 1052 2218 Bae

584 2315 697 2372 XXXII

138 2415 222 2492 Quid
244 2367 317 2479 med
341 2415 457 2479 obtutu
480 2391 593 2499 lenes,
616 2415 736 2478 mulces
759 2414 929 2479 laudibus?
1146 2429 1198 2477 395

208 2527 290 2581 Pauli
317 2527 416 2580 Festus
443 2546 470 2596 p.
493 2533 542 2579 144
565 2527 602 2580 Μ.
643 2526 806 2580 ‘mulcere
839 2525 913 2580 enim
943 2525 1052 2579 mollire
1086 2524 1145 2578 siue
1233 2571 1237 2578 .

136 2599 225 2653 lenire
240 2599 302 2652 es'n’
333 2598 366 2652 of.
381 2617 407 2668 p.
424 2605 475 2651 186
495 2598 619 2668 ‘optutu’
636 2596 836 2667 (Reitzenstein
850 2596 957 2651 Verrin.
973 2596 1084 2650 Porsch.
1100 2601 1145 2665 36)

208 2712 292 2750 meo

250 2785 254 2793 ·
475 2851 476 2856 Ν
575 2773 703 2832 11111111

205 2874 334 2940 Servius
361 2875 395 2938 in
418 2872 497 2938 Aen.
520 2873 553 2938 ΙΙ
571 2874 636 2940 506
670 2875 724 2938 ‘dc
755 2879 859 2940 morie
890 2879 996 2939 aulem
1024 2873 1145 2939 Priami
1190 2911 1192 2916 ·
1249 2878 1253 2886 ’

136 2983 236 3046 uarie·
258 2982 376 3045 lectum
409 2983 465 3045 est.
512 2981 567 3044 alii
600 2981 723 3067 dicuni,
761 2981 846 3065 quod
878 3004 896 3044 a
927 2979 1144 3063 Pyrrho'in

138 3089 246 3152 domo
270 3087 420 3172 quidem
444 3110 510 3151 sua
540 3092 674 3172 captus
702 3091 772 3173 est,
799 3089 863 3152 sed
891 3089 935 3151 ad
958 3086 1144 3151 tumulum

136 3194 305 3258 Achillis
337 3197 485 3258 lraclus
518 3194 747 3277 occisusque
770 3199 827 3258 e'sl
854 3194 963 3258 iuxla
991 3193 1145 3280 Sigeum

136 3301 442 3385 promontorium
466 3297 553 3387 (nam
577 3301 611 3363 in
629 3299 775 3364 Rhoeteo
793 3299 877 3364 Aiax
901 3300 1045 3384 sepulius
1068 3299 1144 3387 θεῆς

137 3412 227 3472 tunc
256 3409 336 3471 eius
365 3410 478 3491 eaput
506 3409 619 3470 conio
647 3407 767 3470 fixum
789 3404 960 3488 Pyrrhus
986 3407 1144 3470 circum·
1243 3391 1245 3416 ⁷

129 3515 238 3578 sulit.
285 3514 341 3578 alii
371 3535 449 3577 uero
483 3513 568 3596 quod
600 3513 691 3576 iuxta
718 3511 833 3576 Hercei
860 3511 949 3576 Iouis
979 3521 1065 3576 aram
1094 3534 1145 3576 ex-

137 3621 257 3685 tinctus
294 3620 337 3684 sii
375 3619 485 3683 dicuni
506 3671 519 3695 ,·
540 3670 546 3682 .
566 3669 599 3682 ..
645 3622 677 3682 et
713 3617 795 3682 hanc
832 3618 1015 3701 opinionem
1051 3619 1144 3702 plene
