<?xml version="1.0" encoding="UTF-8"?>
<!DOCTYPE html PUBLIC "-//W3C//DTD XHTML 1.0 Transitional//EN"
    "http://www.w3.org/TR/xhtml1/DTD/xhtml1-transitional.dtd">
<html xmlns="http://www.w3.org/1999/xhtml" xml:lang="en" lang="en">
 <head>
  <title>
</title>
<meta http-equiv="Content-Type" content="text/html;charset=utf-8" />
  <meta name='ocr-system' content='tesseract 3.04.00' />
  <meta name='ocr-capabilities' content='ocr_page ocr_carea ocr_par ocr_line ocrx_word'/>
</head>
<body>
  <div class='ocr_page' id='page_1' title='image "./scaenicaeromano06ribbgoog_0278.png"; bbox 0 0 2644 3982; ppageno 0'>
   <div class='ocr_carea' id='block_1_1' title="bbox 359 238 1147 302">
    <p class='ocr_par' dir='ltr' id='par_1_1' title="bbox 359 238 1147 302">
     <span class='ocr_line' id='line_1_1' title="bbox 359 238 1147 302; baseline 0.011 -8"><span class='ocrx_word' id='word_1_1' title='bbox 359 241 389 296; x_wconf 81' lang='lat' dir='ltr'><strong>L.</strong></span> <span class='ocrx_word' id='word_1_2' title='bbox 408 240 535 296; x_wconf 82' lang='lat' dir='ltr'>ACCIVS</span> <span class='ocrx_word' id='word_1_3' title='bbox 572 240 765 296; x_wconf 85' lang='lat' dir='ltr'><strong>POMPILIVS</strong></span> <span class='ocrx_word' id='word_1_4' title='bbox 801 239 921 295; x_wconf 77' lang='lat' dir='ltr'>IVLIVS</span> <span class='ocrx_word' id='word_1_5' title='bbox 1081 238 1147 302; x_wconf 79' lang='grc'><strong>263</strong></span> 
     </span>
    </p>
   </div>
   <div class='ocr_carea' id='block_1_2' title="bbox 138 398 1147 471">
    <p class='ocr_par' dir='ltr' id='par_1_2' title="bbox 138 398 1147 471">
     <span class='ocr_line' id='line_1_2' title="bbox 138 398 1147 471; baseline -0.003 -16"><span class='ocrx_word' id='word_1_6' title='bbox 138 401 245 455; x_wconf 84' lang='lat' dir='ltr'><strong>ibidem</strong></span> <span class='ocrx_word' id='word_1_7' title='bbox 258 399 363 471; x_wconf 80' lang='lat' dir='ltr'><strong>legitur</strong></span> <span class='ocrx_word' id='word_1_8' title='bbox 376 419 403 470; x_wconf 91' lang='lat' dir='ltr'><strong>p.</strong></span> <span class='ocrx_word' id='word_1_9' title='bbox 414 406 465 454; x_wconf 82' lang='lat'><strong>313</strong></span> <span class='ocrx_word' id='word_1_10' title='bbox 479 419 505 455; x_wconf 85' lang='lat' dir='ltr'><strong>v.</strong></span> <span class='ocrx_word' id='word_1_11' title='bbox 521 404 653 456; x_wconf 89' lang='lat' dir='ltr'><strong>struere</strong></span> <span class='ocrx_word' id='word_1_12' title='bbox 670 402 715 470; x_wconf 84' lang='lat' dir='ltr'><strong>(cf.</strong></span> <span class='ocrx_word' id='word_1_13' title='bbox 730 400 824 456; x_wconf 89' lang='lat' dir='ltr'><strong>coroll.</strong></span> <span class='ocrx_word' id='word_1_14' title='bbox 835 399 932 470; x_wconf 80' lang='lat' dir='ltr'><strong>LXIII)</strong></span> <span class='ocrx_word' id='word_1_15' title='bbox 945 416 1019 453; x_wconf 92' lang='lat' dir='ltr'><strong>nunc</strong></span> <span class='ocrx_word' id='word_1_16' title='bbox 1033 398 1147 453; x_wconf 89' lang='lat' dir='ltr'><strong>comicis</strong></span> 
     </span>
    </p>
   </div>
   <div class='ocr_carea' id='block_1_3' title="bbox 142 468 1146 612">
    <p class='ocr_par' dir='ltr' id='par_1_3' title="bbox 142 468 1146 612">
     <span class='ocr_line' id='line_1_3' title="bbox 143 468 1146 541; baseline -0.003 -15"><span class='ocrx_word' id='word_1_17' title='bbox 143 472 254 526; x_wconf 75' lang='lat' dir='ltr'>reddere</span> <span class='ocrx_word' id='word_1_18' title='bbox 277 471 372 525; x_wconf 87' lang='lat' dir='ltr'><strong>malui.</strong></span> <span class='ocrx_word' id='word_1_19' title='bbox 411 471 500 537; x_wconf 81' lang='lat' dir='ltr'><strong>Quam</strong></span> <span class='ocrx_word' id='word_1_20' title='bbox 523 471 591 526; x_wconf 87' lang='lat' dir='ltr'><strong>olim</strong></span> <span class='ocrx_word' id='word_1_21' title='bbox 615 489 730 527; x_wconf 88' lang='lat' dir='ltr'><strong>numero</strong></span> <span class='ocrx_word' id='word_1_22' title='bbox 753 472 800 526; x_wconf 82' lang='lat' dir='ltr'><strong>XL</strong></span> <span class='ocrx_word' id='word_1_23' title='bbox 824 470 935 541; x_wconf 78' lang='lat' dir='ltr'>signavi</span> <span class='ocrx_word' id='word_1_24' title='bbox 957 471 1053 540; x_wconf 77' lang='lat' dir='ltr'><strong>glossa</strong></span> <span class='ocrx_word' id='word_1_25' title='bbox 1070 468 1146 540; x_wconf 72' lang='lat' dir='ltr'><strong>(ccl.</strong></span> 
     </span>
     <span class='ocr_line' id='line_1_4' title="bbox 142 539 848 612; baseline 0.003 -18"><span class='ocrx_word' id='word_1_26' title='bbox 142 539 230 596; x_wconf 59' lang='grc' dir='ltr'><strong>ΠΜ</strong></span> <span class='ocrx_word' id='word_1_27' title='bbox 245 541 287 612; x_wconf 83' lang='lat' dir='ltr'><strong>G.)</strong></span> <span class='ocrx_word' id='word_1_28' title='bbox 306 542 407 597; x_wconf 87' lang='lat' dir='ltr'><strong>Lucilii</strong></span> <span class='ocrx_word' id='word_1_29' title='bbox 425 545 470 597; x_wconf 87' lang='lat' dir='ltr'><strong>cst</strong></span> <span class='ocrx_word' id='word_1_30' title='bbox 488 543 532 612; x_wconf 83' lang='lat' dir='ltr'><strong>(cf.</strong></span> <span class='ocrx_word' id='word_1_31' title='bbox 552 544 651 598; x_wconf 85' lang='lat' dir='ltr'><strong>Loewc</strong></span> <span class='ocrx_word' id='word_1_32' title='bbox 669 544 764 597; x_wconf 85' lang='lat' dir='ltr'><strong>Prodr.</strong></span> <span class='ocrx_word' id='word_1_33' title='bbox 780 542 848 611; x_wconf 84' lang='lat' dir='ltr'>VH).</span> 
     </span>
    </p>
   </div>
   <div class='ocr_carea' id='block_1_4' title="bbox 484 731 796 817">
    <p class='ocr_par' dir='ltr' id='par_1_4' title="bbox 484 731 796 817">
     <span class='ocr_line' id='line_1_5' title="bbox 484 731 796 817; baseline 0.006 -2"><span class='ocrx_word' id='word_1_34' title='bbox 484 731 796 817; x_wconf 83' lang='lat' dir='ltr'>POMPILIVS</span> 
     </span>
    </p>
   </div>
   <div class='ocr_carea' id='block_1_5' title="bbox 142 871 982 987">
    <p class='ocr_par' dir='ltr' id='par_1_5' title="bbox 142 871 982 987">
     <span class='ocr_line' id='line_1_6' title="bbox 142 871 982 987; baseline 0.001 -23"><span class='ocrx_word' id='word_1_35' title='bbox 142 871 214 964; x_wconf 85' lang='lat' dir='ltr'><strong>Heu</strong></span> <span class='ocrx_word' id='word_1_36' title='bbox 236 901 299 986; x_wconf 72' lang='lat' dir='ltr'><strong>qui</strong></span> <span class='ocrx_word' id='word_1_37' title='bbox 321 921 372 964; x_wconf 90' lang='lat' dir='ltr'><strong>me</strong></span> <span class='ocrx_word' id='word_1_38' title='bbox 395 922 502 985; x_wconf 67' lang='lat' dir='ltr'><strong>musa,</strong></span> <span class='ocrx_word' id='word_1_39' title='bbox 525 898 681 987; x_wconf 77' lang='lat' dir='ltr'><strong>Fortuna,</strong></span> <span class='ocrx_word' id='word_1_40' title='bbox 703 901 819 965; x_wconf 85' lang='lat' dir='ltr'><strong>infeste‘</strong></span> <span class='ocrx_word' id='word_1_41' title='bbox 840 902 982 985; x_wconf 77' lang='lat' dir='ltr'><strong>premis?</strong></span> 
     </span>
    </p>
   </div>
   <div class='ocr_carea' id='block_1_6' title="bbox 141 1021 1148 1172">
    <p class='ocr_par' dir='ltr' id='par_1_6' title="bbox 141 1021 1148 1172">
     <span class='ocr_line' id='line_1_7' title="bbox 212 1021 1148 1091; baseline -0.002 -16"><span class='ocrx_word' id='word_1_42' title='bbox 212 1021 298 1076; x_wconf 87' lang='lat' dir='ltr'><strong>Varro</strong></span> <span class='ocrx_word' id='word_1_43' title='bbox 322 1022 356 1076; x_wconf 87' lang='lat' dir='ltr'><strong>de</strong></span> <span class='ocrx_word' id='word_1_44' title='bbox 379 1022 397 1076; x_wconf 92' lang='lat' dir='ltr'><strong>l.</strong></span> <span class='ocrx_word' id='word_1_45' title='bbox 417 1022 435 1077; x_wconf 86' lang='lat'><strong>1.</strong></span> <span class='ocrx_word' id='word_1_46' title='bbox 455 1022 553 1076; x_wconf 79' lang='lat' dir='ltr'><strong>vnce</strong></span> <span class='ocrx_word' id='word_1_47' title='bbox 584 1023 674 1091; x_wconf 86' lang='lat' dir='ltr'><strong>‘apud</strong></span> <span class='ocrx_word' id='word_1_48' title='bbox 702 1022 834 1076; x_wconf 90' lang='lat' dir='ltr'><strong>Plautum</strong></span> <span class='ocrx_word' id='word_1_49' title='bbox 862 1038 934 1076; x_wconf 87' lang='lat' dir='ltr'><strong>euax</strong></span> <span class='ocrx_word' id='word_1_50' title='bbox 949 1066 955 1077; x_wconf 91' lang='lat'>.</span> <span class='ocrx_word' id='word_1_51' title='bbox 971 1066 976 1076; x_wconf 94' lang='lat'>.</span> <span class='ocrx_word' id='word_1_52' title='bbox 993 1066 998 1076; x_wconf 94' lang='lat'>.</span> <span class='ocrx_word' id='word_1_53' title='bbox 1013 1025 1045 1076; x_wconf 85' lang='lat' dir='ltr'><strong>ut</strong></span> <span class='ocrx_word' id='word_1_54' title='bbox 1072 1021 1148 1090; x_wconf 81' lang='lat' dir='ltr'><strong>apud</strong></span> 
     </span>
     <span class='ocr_line' id='line_1_8' title="bbox 141 1091 1148 1172; baseline -0.002 -26"><span class='ocrx_word' id='word_1_55' title='bbox 141 1092 263 1146; x_wconf 81' lang='lat' dir='ltr'><strong>Ennium</strong></span> <span class='ocrx_word' id='word_1_56' title='bbox 279 1093 369 1147; x_wconf 88' lang='lat' dir='ltr'><strong>hehae</strong></span> <span class='ocrx_word' id='word_1_57' title='bbox 384 1138 390 1148; x_wconf 88' lang='lat'>.</span> <span class='ocrx_word' id='word_1_58' title='bbox 407 1137 412 1147; x_wconf 94' lang='lat'>.</span> <span class='ocrx_word' id='word_1_59' title='bbox 429 1093 526 1162; x_wconf 78' lang='lat' dir='ltr'><strong>,apud</strong></span> <span class='ocrx_word' id='word_1_60' title='bbox 544 1093 666 1146; x_wconf 81' lang='lat' dir='ltr'><strong>Ennium</strong></span> <span class='ocrx_word' id='word_1_61' title='bbox 685 1093 756 1147; x_wconf 90' lang='lat' dir='ltr'><strong>eheu</strong></span> <span class='ocrx_word' id='word_1_62' title='bbox 771 1136 776 1147; x_wconf 93' lang='lat'><em>.</em></span> <span class='ocrx_word' id='word_1_63' title='bbox 793 1137 798 1148; x_wconf 93' lang='lat'>.</span> <span class='ocrx_word' id='word_1_64' title='bbox 816 1137 821 1148; x_wconf 91' lang='lat'><strong><em>.</em></strong></span> <span class='ocrx_word' id='word_1_65' title='bbox 837 1094 925 1162; x_wconf 84' lang='lat' dir='ltr'><strong>apud</strong></span> <span class='ocrx_word' id='word_1_66' title='bbox 943 1091 1148 1172; x_wconf 83' lang='lat' dir='ltr'><strong>Pompilium</strong></span> 
     </span>
    </p>
   </div>
   <div class='ocr_carea' id='block_1_7' title="bbox 42 1163 1149 1235">
    <p class='ocr_par' dir='ltr' id='par_1_7' title="bbox 42 1163 1149 1235">
     <span class='ocr_line' id='line_1_9' title="bbox 42 1163 1149 1235; baseline -0.005 -14"><span class='ocrx_word' id='word_1_67' title='bbox 42 1215 44 1221; x_wconf 93' lang='lat'><em>.</em></span> <span class='ocrx_word' id='word_1_68' title='bbox 141 1164 220 1218; x_wconf 90' lang='lat' dir='ltr'><strong>heu’</strong></span> <span class='ocrx_word' id='word_1_69' title='bbox 241 1181 264 1218; x_wconf 87' lang='lat' dir='ltr'><strong>e.</strong></span> <span class='ocrx_word' id='word_1_70' title='bbox 284 1183 308 1232; x_wconf 88' lang='lat' dir='ltr'><strong>q.</strong></span> <span class='ocrx_word' id='word_1_71' title='bbox 329 1182 349 1218; x_wconf 88' lang='lat' dir='ltr'><strong>s.</strong></span> <span class='ocrx_word' id='word_1_72' title='bbox 386 1163 537 1235; x_wconf 81' lang='lat' dir='ltr'><strong>Trsgicum</strong></span> <span class='ocrx_word' id='word_1_73' title='bbox 563 1167 677 1235; x_wconf 85' lang='lat' dir='ltr'><strong>poetam</strong></span> <span class='ocrx_word' id='word_1_74' title='bbox 705 1179 765 1217; x_wconf 86' lang='lat' dir='ltr'><strong>esse</strong></span> <span class='ocrx_word' id='word_1_75' title='bbox 793 1163 899 1218; x_wconf 82' lang='lat' dir='ltr'><strong>evincit</strong></span> <span class='ocrx_word' id='word_1_76' title='bbox 923 1163 1096 1234; x_wconf 85' lang='lat' dir='ltr'><strong>epigramma</strong></span> <span class='ocrx_word' id='word_1_77' title='bbox 1118 1181 1149 1216; x_wconf 92' lang='lat' dir='ltr'><strong>1n</strong></span> 
     </span>
    </p>
   </div>
   <div class='ocr_carea' id='block_1_8' title="bbox 142 1234 1045 1518">
    <p class='ocr_par' dir='ltr' id='par_1_8' title="bbox 142 1234 1045 1518">
     <span class='ocr_line' id='line_1_10' title="bbox 142 1234 917 1304; baseline -0.003 -14"><span class='ocrx_word' id='word_1_78' title='bbox 142 1234 275 1290; x_wconf 75' lang='lat' dir='ltr'><strong>Varronis</strong></span> <span class='ocrx_word' id='word_1_79' title='bbox 294 1238 388 1289; x_wconf 84' lang='lat' dir='ltr'><strong>satura</strong></span> <span class='ocrx_word' id='word_1_80' title='bbox 407 1235 472 1298; x_wconf 76' lang='grc' dir='ltr'><strong><em>ὄνος</em></strong></span> <span class='ocrx_word' id='word_1_81' title='bbox 490 1235 574 1303; x_wconf 78' lang='grc' dir='ltr'><strong><em>λύρας</em></strong></span> <span class='ocrx_word' id='word_1_82' title='bbox 592 1235 728 1288; x_wconf 87' lang='lat' dir='ltr'><strong>insertum</strong></span> <span class='ocrx_word' id='word_1_83' title='bbox 747 1234 789 1303; x_wconf 82' lang='lat' dir='ltr'><strong>(fr.</strong></span> <span class='ocrx_word' id='word_1_84' title='bbox 810 1239 861 1288; x_wconf 80' lang='grc'><strong>356</strong></span> <span class='ocrx_word' id='word_1_85' title='bbox 875 1236 917 1304; x_wconf 88' lang='grc' dir='ltr'><strong>Β.)</strong></span> 
     </span>
     <span class='ocr_line' id='line_1_11' title="bbox 300 1305 987 1376; baseline -0.001 -17"><span class='ocrx_word' id='word_1_86' title='bbox 300 1305 386 1360; x_wconf 90' lang='lat' dir='ltr'><strong>Pacui</strong></span> <span class='ocrx_word' id='word_1_87' title='bbox 404 1305 558 1376; x_wconf 90' lang='lat' dir='ltr'><strong>discipulus</strong></span> <span class='ocrx_word' id='word_1_88' title='bbox 577 1306 666 1374; x_wconf 83' lang='lat' dir='ltr'><strong>dicor,</strong></span> <span class='ocrx_word' id='word_1_89' title='bbox 685 1323 768 1375; x_wconf 88' lang='lat' dir='ltr'><strong>porro</strong></span> <span class='ocrx_word' id='word_1_90' title='bbox 786 1305 810 1358; x_wconf 92' lang='lat' dir='ltr'><strong>is</strong></span> <span class='ocrx_word' id='word_1_91' title='bbox 830 1305 885 1359; x_wconf 86' lang='lat' dir='ltr'><strong>fuit</strong></span> <span class='ocrx_word' id='word_1_92' title='bbox 902 1305 987 1374; x_wconf 76' lang='lat' dir='ltr'><strong>Enni,</strong></span> 
     </span>
     <span class='ocr_line' id='line_1_12' title="bbox 366 1376 934 1446; baseline 0.002 -16"><span class='ocrx_word' id='word_1_93' title='bbox 366 1376 467 1430; x_wconf 84' lang='lat' dir='ltr'><strong>Enniu&#39;</strong></span> <span class='ocrx_word' id='word_1_94' title='bbox 486 1378 641 1432; x_wconf 80' lang='lat' dir='ltr'>Musarum:</span> <span class='ocrx_word' id='word_1_95' title='bbox 660 1376 814 1446; x_wconf 83' lang='lat' dir='ltr'><strong>Pompilius</strong></span> <span class='ocrx_word' id='word_1_96' title='bbox 833 1377 934 1431; x_wconf 90' lang='lat' dir='ltr'><strong>clueor.</strong></span> 
     </span>
     <span class='ocr_line' id='line_1_13' title="bbox 142 1447 1045 1518; baseline 0 -16"><span class='ocrx_word' id='word_1_97' title='bbox 142 1448 297 1503; x_wconf 75' lang='lat' dir='ltr'><strong>Satirarum</strong></span> <span class='ocrx_word' id='word_1_98' title='bbox 314 1452 427 1517; x_wconf 86' lang='lat' dir='ltr'><strong>poetam</strong></span> <span class='ocrx_word' id='word_1_99' title='bbox 445 1447 531 1501; x_wconf 87' lang='lat' dir='ltr'><strong>fuisse</strong></span> <span class='ocrx_word' id='word_1_100' title='bbox 549 1465 681 1518; x_wconf 80' lang='lat' dir='ltr'><strong>perversa</strong></span> <span class='ocrx_word' id='word_1_101' title='bbox 698 1447 808 1502; x_wconf 84' lang='lat' dir='ltr'><strong>ratione</strong></span> <span class='ocrx_word' id='word_1_102' title='bbox 827 1447 929 1502; x_wconf 75' lang='lat' dir='ltr'><strong>statuit</strong></span> <span class='ocrx_word' id='word_1_103' title='bbox 944 1448 1045 1502; x_wconf 80' lang='lat' dir='ltr'><strong>Havet.</strong></span> 
     </span>
    </p>
   </div>
   <div class='ocr_carea' id='block_1_9' title="bbox 302 1635 989 1725">
    <p class='ocr_par' dir='ltr' id='par_1_9' title="bbox 302 1635 989 1725">
     <span class='ocr_line' id='line_1_14' title="bbox 302 1635 989 1725; baseline 0.001 -3"><span class='ocrx_word' id='word_1_104' title='bbox 302 1635 344 1722; x_wconf 81' lang='lat' dir='ltr'><strong>O.</strong></span> <span class='ocrx_word' id='word_1_105' title='bbox 367 1636 538 1725; x_wconf 83' lang='lat' dir='ltr'>IVLIVS</span> <span class='ocrx_word' id='word_1_106' title='bbox 562 1635 765 1722; x_wconf 72' lang='lat' dir='ltr'><strong>oleis</strong></span> <span class='ocrx_word' id='word_1_107' title='bbox 788 1635 989 1723; x_wconf 77' lang='lat' dir='ltr'>STRABO</span> 
     </span>
    </p>
   </div>
   <div class='ocr_carea' id='block_1_10' title="bbox 258 1785 1031 1856">
    <p class='ocr_par' dir='ltr' id='par_1_10' title="bbox 258 1785 1031 1856">
     <span class='ocr_line' id='line_1_15' title="bbox 258 1785 1031 1856; baseline 0 -18"><span class='ocrx_word' id='word_1_108' title='bbox 258 1785 302 1854; x_wconf 87' lang='lat' dir='ltr'><strong>(cf.</strong></span> <span class='ocrx_word' id='word_1_109' title='bbox 321 1785 457 1840; x_wconf 87' lang='lat' dir='ltr'><strong>Asconius</strong></span> <span class='ocrx_word' id='word_1_110' title='bbox 477 1785 507 1839; x_wconf 90' lang='lat' dir='ltr'><strong>in</strong></span> <span class='ocrx_word' id='word_1_111' title='bbox 525 1785 664 1840; x_wconf 81' lang='lat' dir='ltr'><strong>Ciceronis</strong></span> <span class='ocrx_word' id='word_1_112' title='bbox 684 1785 867 1840; x_wconf 79' lang='lat' dir='ltr'><strong>Scaurianam</strong></span> <span class='ocrx_word' id='word_1_113' title='bbox 884 1804 910 1855; x_wconf 91' lang='lat' dir='ltr'><strong>p.</strong></span> <span class='ocrx_word' id='word_1_114' title='bbox 926 1792 960 1840; x_wconf 77' lang='lat'><strong>24</strong></span> <span class='ocrx_word' id='word_1_115' title='bbox 975 1785 1031 1856; x_wconf 87' lang='lat' dir='ltr'><strong>Or.)</strong></span> 
     </span>
    </p>
   </div>
   <div class='ocr_carea' id='block_1_11' title="bbox 141 1917 906 2240">
    <p class='ocr_par' dir='ltr' id='par_1_11' title="bbox 141 1917 906 2240">
     <span class='ocr_line' id='line_1_16' title="bbox 531 1917 747 1978; baseline -0.005 0"><span class='ocrx_word' id='word_1_116' title='bbox 531 1917 747 1978; x_wconf 80' lang='lat' dir='ltr'><strong>‚ADRASTVS</strong></span> 
     </span>
     <span class='ocr_line' id='line_1_17' title="bbox 144 2007 898 2119; baseline 0 -21"><span class='ocrx_word' id='word_1_117' title='bbox 144 2034 225 2099; x_wconf 71' lang='lat' dir='ltr'><strong>(ium</strong></span> <span class='ocrx_word' id='word_1_118' title='bbox 248 2036 354 2119; x_wconf 72' lang='lat' dir='ltr'><strong>cipite</strong></span> <span class='ocrx_word' id='word_1_119' title='bbox 375 2037 473 2100; x_wconf 84' lang='lat' dir='ltr'><strong>uiridi</strong></span> <span class='ocrx_word' id='word_1_120' title='bbox 495 2007 586 2101; x_wconf 77' lang='lat' dir='ltr'><strong>lauro</strong></span> <span class='ocrx_word' id='word_1_121' title='bbox 609 2009 716 2100; x_wconf 85' lang='lat' dir='ltr'><strong>uelare</strong></span> <span class='ocrx_word' id='word_1_122' title='bbox 738 2035 898 2119; x_wconf 82' lang='lat' dir='ltr'><strong>imperant</strong></span> 
     </span>
     <span class='ocr_line' id='line_1_18' title="bbox 141 2139 906 2240; baseline 0 -36"><span class='ocrx_word' id='word_1_123' title='bbox 141 2139 321 2240; x_wconf 69' lang='lat' dir='ltr'><strong>Prophetae</strong></span> <span class='ocrx_word' id='word_1_124' title='bbox 344 2143 459 2227; x_wconf 82' lang='lat' dir='ltr'><strong>sancti,</strong></span> <span class='ocrx_word' id='word_1_125' title='bbox 481 2143 567 2206; x_wconf 88' lang='lat' dir='ltr'><strong>ca&#39;ste</strong></span> <span class='ocrx_word' id='word_1_126' title='bbox 591 2141 647 2226; x_wconf 90' lang='lat' dir='ltr'><strong>qui</strong></span> <span class='ocrx_word' id='word_1_127' title='bbox 669 2143 787 2224; x_wconf 77' lang='lat' dir='ltr'><strong>purdnt</strong></span> <span class='ocrx_word' id='word_1_128' title='bbox 809 2162 906 2205; x_wconf 87' lang='lat' dir='ltr'><strong>sacra.</strong></span> 
     </span>
    </p>
   </div>
   <div class='ocr_carea' id='block_1_12' title="bbox 143 2261 1151 2402">
    <p class='ocr_par' dir='ltr' id='par_1_12' title="bbox 143 2261 1151 2402">
     <span class='ocr_line' id='line_1_19' title="bbox 213 2261 1151 2332; baseline 0.003 -17"><span class='ocrx_word' id='word_1_129' title='bbox 213 2263 311 2317; x_wconf 83' lang='lat' dir='ltr'><strong>Festus</strong></span> <span class='ocrx_word' id='word_1_130' title='bbox 330 2281 356 2332; x_wconf 89' lang='lat' dir='ltr'><strong>p.</strong></span> <span class='ocrx_word' id='word_1_131' title='bbox 372 2268 423 2315; x_wconf 78' lang='lat'><strong>229</strong></span> <span class='ocrx_word' id='word_1_132' title='bbox 438 2264 476 2318; x_wconf 83' lang='lat' dir='ltr'><strong>M.</strong></span> <span class='ocrx_word' id='word_1_133' title='bbox 510 2262 711 2332; x_wconf 83' lang='lat' dir='ltr'><strong>‘prophetas</strong></span> <span class='ocrx_word' id='word_1_134' title='bbox 729 2261 760 2315; x_wconf 90' lang='lat' dir='ltr'><strong>in</strong></span> <span class='ocrx_word' id='word_1_135' title='bbox 778 2261 899 2315; x_wconf 88' lang='lat' dir='ltr'><strong>Adrasto</strong></span> <span class='ocrx_word' id='word_1_136' title='bbox 917 2261 1004 2315; x_wconf 88' lang='lat' dir='ltr'><strong>Iulius</strong></span> <span class='ocrx_word' id='word_1_137' title='bbox 1023 2261 1151 2318; x_wconf 83' lang='lat' dir='ltr'><strong>nominat</strong></span> 
     </span>
     <span class='ocr_line' id='line_1_20' title="bbox 143 2332 1149 2402; baseline 0.002 -15"><span class='ocrx_word' id='word_1_138' title='bbox 143 2333 285 2388; x_wconf 78' lang='lat' dir='ltr'><strong>antistites</strong></span> <span class='ocrx_word' id='word_1_139' title='bbox 295 2333 424 2388; x_wconf 83' lang='lat' dir='ltr'><strong>fanorum</strong></span> <span class='ocrx_word' id='word_1_140' title='bbox 434 2334 664 2401; x_wconf 88' lang='lat' dir='ltr'><strong>oraculorumque</strong></span> <span class='ocrx_word' id='word_1_141' title='bbox 673 2332 853 2402; x_wconf 86' lang='lat' dir='ltr'><strong>interpretes:</strong></span> <span class='ocrx_word' id='word_1_142' title='bbox 868 2350 931 2386; x_wconf 90' lang='lat' dir='ltr'><strong>cum</strong></span> <span class='ocrx_word' id='word_1_143' title='bbox 941 2332 1045 2401; x_wconf 83' lang='lat' dir='ltr'><strong>capita’</strong></span> <span class='ocrx_word' id='word_1_144' title='bbox 1057 2333 1080 2388; x_wconf 87' lang='lat' dir='ltr'><strong>e.</strong></span> <span class='ocrx_word' id='word_1_145' title='bbox 1091 2350 1117 2401; x_wconf 90' lang='lat' dir='ltr'><strong>q.</strong></span> <span class='ocrx_word' id='word_1_146' title='bbox 1128 2351 1149 2390; x_wconf 91' lang='lat' dir='ltr'><strong>s.</strong></span> 
     </span>
    </p>
   </div>
   <div class='ocr_carea' id='block_1_13' title="bbox 143 2437 1152 2667">
    <p class='ocr_par' dir='ltr' id='par_1_13' title="bbox 143 2437 1152 2667">
     <span class='ocr_line' id='line_1_21' title="bbox 214 2437 1152 2510; baseline 0.002 -16"><span class='ocrx_word' id='word_1_147' title='bbox 214 2446 230 2494; x_wconf 75' lang='lat'><strong>2</strong></span> <span class='ocrx_word' id='word_1_148' title='bbox 254 2443 352 2494; x_wconf 85' lang='lat' dir='ltr'><strong>sancta</strong></span> <span class='ocrx_word' id='word_1_149' title='bbox 379 2439 421 2494; x_wconf 81' lang='lat' dir='ltr'><strong>ita</strong></span> <span class='ocrx_word' id='word_1_150' title='bbox 448 2443 526 2494; x_wconf 77' lang='lat' dir='ltr'><strong>coste</strong></span> <span class='ocrx_word' id='word_1_151' title='bbox 553 2441 609 2495; x_wconf 86' lang='lat' dir='ltr'><strong>cod.</strong></span> <span class='ocrx_word' id='word_1_152' title='bbox 638 2442 669 2493; x_wconf 72' lang='lat' dir='ltr'><strong>ab</strong></span> <span class='ocrx_word' id='word_1_153' title='bbox 695 2441 794 2510; x_wconf 70' lang='lat' dir='ltr'><strong>quobus</strong></span> <span class='ocrx_word' id='word_1_154' title='bbox 821 2437 912 2492; x_wconf 88' lang='lat' dir='ltr'><strong>sancti</strong></span> <span class='ocrx_word' id='word_1_155' title='bbox 939 2441 1021 2494; x_wconf 77' lang='lat' dir='ltr'><strong>latere</strong></span> <span class='ocrx_word' id='word_1_156' title='bbox 1045 2443 1152 2496; x_wconf 70' lang='lat' dir='ltr'><strong>mourut</strong></span> 
     </span>
     <span class='ocr_line' id='line_1_22' title="bbox 144 2511 1151 2583; baseline 0.001 -18"><span class='ocrx_word' id='word_1_157' title='bbox 144 2513 334 2583; x_wconf 75' lang='lat' dir='ltr'><strong>Kicesb&#39;npiue.</strong></span> <span class='ocrx_word' id='word_1_158' title='bbox 358 2513 454 2578; x_wconf 83' lang='lat' dir='ltr'><strong>sancte</strong></span> <span class='ocrx_word' id='word_1_159' title='bbox 473 2514 552 2565; x_wconf 84' lang='lat' dir='ltr'><strong>caste</strong></span> <span class='ocrx_word' id='word_1_160' title='bbox 570 2511 706 2582; x_wconf 70' lang='lat' dir='ltr'><strong>Berytius</strong></span> <span class='ocrx_word' id='word_1_161' title='bbox 725 2513 823 2564; x_wconf 82' lang='lat' dir='ltr'><strong>sancta</strong></span> <span class='ocrx_word' id='word_1_162' title='bbox 842 2512 918 2564; x_wconf 78' lang='lat' dir='ltr'><strong>ceste</strong></span> <span class='ocrx_word' id='word_1_163' title='bbox 937 2511 1034 2565; x_wconf 76' lang='lat' dir='ltr'><strong>Delrio</strong></span> <span class='ocrx_word' id='word_1_164' title='bbox 1052 2514 1151 2566; x_wconf 86' lang='lat' dir='ltr'><strong>sancta</strong></span> 
     </span>
     <span class='ocr_line' id='line_1_23' title="bbox 143 2582 1151 2667; baseline 0.002 -31"><span class='ocrx_word' id='word_1_165' title='bbox 143 2583 184 2637; x_wconf 92' lang='lat' dir='ltr'><strong>ibi</strong></span> <span class='ocrx_word' id='word_1_166' title='bbox 207 2585 284 2637; x_wconf 88' lang='lat' dir='ltr'><strong>caste</strong></span> <span class='ocrx_word' id='word_1_167' title='bbox 310 2583 339 2638; x_wconf 93' lang='lat' dir='ltr'><strong>O.</strong></span> <span class='ocrx_word' id='word_1_168' title='bbox 360 2583 520 2638; x_wconf 76' lang='lat' dir='ltr'><strong>Muellerus,</strong></span> <span class='ocrx_word' id='word_1_169' title='bbox 557 2583 605 2636; x_wconf 79' lang='lat' dir='ltr'><strong>Aa</strong></span> <span class='ocrx_word' id='word_1_170' title='bbox 625 2583 704 2635; x_wconf 88' lang='lat' dir='ltr'><strong>casta</strong></span> <span class='ocrx_word' id='word_1_171' title='bbox 722 2584 818 2636; x_wconf 83' lang='lat' dir='ltr'><strong>caste?</strong></span> <span class='ocrx_word' id='word_1_172' title='bbox 889 2583 989 2634; x_wconf 86' lang='lat' dir='ltr'><strong>curant</strong></span> <span class='ocrx_word' id='word_1_173' title='bbox 1007 2582 1151 2667; x_wconf 65' lang='lat' dir='ltr'><strong>Raphiae,</strong></span> 
     </span>
    </p>
   </div>
   <div class='ocr_carea' id='block_1_14' title="bbox 141 2656 752 2792">
    <p class='ocr_par' dir='ltr' id='par_1_14' title="bbox 141 2656 752 2792">
     <span class='ocr_line' id='line_1_24' title="bbox 141 2656 342 2722; baseline -0.005 -13"><span class='ocrx_word' id='word_1_174' title='bbox 141 2656 255 2722; x_wconf 74' lang='lat' dir='ltr'><strong>sortasse</strong></span> <span class='ocrx_word' id='word_1_175' title='bbox 273 2662 342 2710; x_wconf 82' lang='lat' dir='ltr'><strong>recte</strong></span> 
     </span>
     <span class='ocr_line' id='line_1_25' title="bbox 539 2732 752 2792; baseline 0.009 -2"><span class='ocrx_word' id='word_1_176' title='bbox 539 2732 752 2792; x_wconf 74' lang='lat' dir='ltr'><strong>ruvfflens</strong></span> 
     </span>
    </p>
   </div>
   <div class='ocr_carea' id='block_1_15' title="bbox 144 2847 1110 2937">
    <p class='ocr_par' dir='ltr' id='par_1_15' title="bbox 144 2847 1110 2937">
     <span class='ocr_line' id='line_1_26' title="bbox 144 2847 1110 2937; baseline -0.001 -21"><span class='ocrx_word' id='word_1_177' title='bbox 144 2847 340 2916; x_wconf 76' lang='lat' dir='ltr'><strong>Fldmmeam</strong></span> <span class='ocrx_word' id='word_1_178' title='bbox 362 2875 419 2937; x_wconf 90' lang='lat' dir='ltr'><strong>per</strong></span> <span class='ocrx_word' id='word_1_179' title='bbox 441 2851 586 2916; x_wconf 75' lang='lat' dir='ltr'><strong>aethram</strong></span> <span class='ocrx_word' id='word_1_180' title='bbox 609 2851 672 2916; x_wconf 85' lang='lat' dir='ltr'><strong>late</strong></span> <span class='ocrx_word' id='word_1_181' title='bbox 695 2851 852 2916; x_wconf 69' lang='lat' dir='ltr'><strong>fdruidam</strong></span> <span class='ocrx_word' id='word_1_182' title='bbox 875 2850 955 2915; x_wconf 85' lang='lat' dir='ltr'><strong>ferri</strong></span> <span class='ocrx_word' id='word_1_183' title='bbox 975 2851 1076 2916; x_wconf 87' lang='lat' dir='ltr'><strong>facem</strong></span> <span class='ocrx_word' id='word_1_184' title='bbox 1108 2919 1110 2924; x_wconf 70' lang='grc'>,</span> 
     </span>
    </p>
   </div>
   <div class='ocr_carea' id='block_1_16' title="bbox 143 2971 1152 3185">
    <p class='ocr_par' dir='ltr' id='par_1_16' title="bbox 143 2971 1152 3185">
     <span class='ocr_line' id='line_1_27' title="bbox 216 2971 1152 3041; baseline 0.001 -15"><span class='ocrx_word' id='word_1_185' title='bbox 216 2973 375 3028; x_wconf 77' lang='lat' dir='ltr'><strong>Macrobius</strong></span> <span class='ocrx_word' id='word_1_186' title='bbox 390 2974 448 3028; x_wconf 85' lang='lat' dir='ltr'><strong>Sat.</strong></span> <span class='ocrx_word' id='word_1_187' title='bbox 463 2973 501 3027; x_wconf 91' lang='lat' dir='ltr'><strong>VI</strong></span> <span class='ocrx_word' id='word_1_188' title='bbox 515 2980 540 3041; x_wconf 82' lang='lat'><strong>4,</strong></span> <span class='ocrx_word' id='word_1_189' title='bbox 552 2980 584 3027; x_wconf 83' lang='lat'><strong>19</strong></span> <span class='ocrx_word' id='word_1_190' title='bbox 601 2974 641 3026; x_wconf 81' lang='lat' dir='ltr'><strong>‘et</strong></span> <span class='ocrx_word' id='word_1_191' title='bbox 654 2973 730 3040; x_wconf 90' lang='lat' dir='ltr'><strong>quod</strong></span> <span class='ocrx_word' id='word_1_192' title='bbox 744 2971 828 3027; x_wconf 80' lang='lat' dir='ltr'><strong>dixit:</strong></span> <span class='ocrx_word' id='word_1_193' title='bbox 842 2988 894 3027; x_wconf 89' lang='lat' dir='ltr'><strong>nec</strong></span> <span class='ocrx_word' id='word_1_194' title='bbox 907 2972 1018 3026; x_wconf 90' lang='lat' dir='ltr'><strong>lucidus</strong></span> <span class='ocrx_word' id='word_1_195' title='bbox 1032 2973 1152 3028; x_wconf 76' lang='lat' dir='ltr'><strong>aethra</strong></span> 
     </span>
     <span class='ocr_line' id='line_1_28' title="bbox 147 3042 1150 3114; baseline 0.002 -18"><span class='ocrx_word' id='word_1_196' title='bbox 147 3043 260 3098; x_wconf 86' lang='lat' dir='ltr'><strong>Siderea</strong></span> <span class='ocrx_word' id='word_1_197' title='bbox 273 3044 363 3113; x_wconf 75' lang='lat' dir='ltr'><strong>polus,</strong></span> <span class='ocrx_word' id='word_1_198' title='bbox 377 3043 483 3098; x_wconf 85' lang='lat' dir='ltr'><strong>Ennius</strong></span> <span class='ocrx_word' id='word_1_199' title='bbox 497 3043 574 3114; x_wconf 89' lang='lat' dir='ltr'><strong>prior</strong></span> <span class='ocrx_word' id='word_1_200' title='bbox 587 3043 697 3098; x_wconf 84' lang='lat' dir='ltr'><strong>dixerat</strong></span> <span class='ocrx_word' id='word_1_201' title='bbox 708 3089 713 3099; x_wconf 92' lang='lat'><strong><em>.</em></strong></span> <span class='ocrx_word' id='word_1_202' title='bbox 726 3088 731 3098; x_wconf 94' lang='lat'><em>.</em></span> <span class='ocrx_word' id='word_1_203' title='bbox 743 3087 749 3098; x_wconf 86' lang='lat'><strong>.</strong></span> <span class='ocrx_word' id='word_1_204' title='bbox 761 3088 766 3098; x_wconf 92' lang='lat'>.</span> <span class='ocrx_word' id='word_1_205' title='bbox 777 3045 806 3097; x_wconf 88' lang='lat' dir='ltr'><strong>ct</strong></span> <span class='ocrx_word' id='word_1_206' title='bbox 817 3042 905 3097; x_wconf 91' lang='lat' dir='ltr'><strong>Iulius</strong></span> <span class='ocrx_word' id='word_1_207' title='bbox 914 3043 1086 3098; x_wconf 85' lang='lat' dir='ltr'><strong>Teuthraute</strong></span> <span class='ocrx_word' id='word_1_208' title='bbox 1098 3087 1104 3099; x_wconf 87' lang='lat'><strong>.</strong></span> <span class='ocrx_word' id='word_1_209' title='bbox 1115 3089 1120 3098; x_wconf 94' lang='lat'><em>.</em></span> <span class='ocrx_word' id='word_1_210' title='bbox 1133 3045 1150 3099; x_wconf 93' lang='lat'><strong>.&#39;</strong></span> 
     </span>
     <span class='ocr_line' id='line_1_29' title="bbox 143 3113 1152 3185; baseline 0 -17"><span class='ocrx_word' id='word_1_211' title='bbox 143 3114 262 3184; x_wconf 88' lang='lat' dir='ltr'><strong>(lulius</strong></span> <span class='ocrx_word' id='word_1_212' title='bbox 281 3115 343 3170; x_wconf 89' lang='lat' dir='ltr'><strong>edd.</strong></span> <span class='ocrx_word' id='word_1_213' title='bbox 357 3114 456 3169; x_wconf 91' lang='lat' dir='ltr'><strong>illius</strong></span> <span class='ocrx_word' id='word_1_214' title='bbox 472 3115 572 3170; x_wconf 88' lang='lat' dir='ltr'><strong>Salisb.</strong></span> <span class='ocrx_word' id='word_1_215' title='bbox 587 3114 671 3168; x_wconf 89' lang='lat' dir='ltr'><strong>ilius</strong></span> <span class='ocrx_word' id='word_1_216' title='bbox 686 3113 773 3169; x_wconf 87' lang='lat' dir='ltr'><strong>ceteri</strong></span> <span class='ocrx_word' id='word_1_217' title='bbox 786 3114 852 3167; x_wconf 87' lang='lat' dir='ltr'><strong>libri</strong></span> <span class='ocrx_word' id='word_1_218' title='bbox 888 3117 1064 3169; x_wconf 88' lang='lat' dir='ltr'><strong>teutrante</strong></span> <span class='ocrx_word' id='word_1_219' title='bbox 1078 3116 1152 3185; x_wconf 84' lang='lat' dir='ltr'><strong>Par.)</strong></span> 
     </span>
    </p>
   </div>
   <div class='ocr_carea' id='block_1_17' title="bbox 143 3220 1153 3362">
    <p class='ocr_par' dir='ltr' id='par_1_17' title="bbox 143 3220 1153 3362">
     <span class='ocr_line' id='line_1_30' title="bbox 183 3220 1153 3291; baseline 0.004 -17"><span class='ocrx_word' id='word_1_220' title='bbox 183 3237 186 3244; x_wconf 91' lang='lat'>·</span> <span class='ocrx_word' id='word_1_221' title='bbox 213 3221 271 3275; x_wconf 86' lang='lat' dir='ltr'><strong>late</strong></span> <span class='ocrx_word' id='word_1_222' title='bbox 290 3221 440 3276; x_wconf 80' lang='lat' dir='ltr'><strong>Scriverius</strong></span> <span class='ocrx_word' id='word_1_223' title='bbox 459 3220 516 3276; x_wconf 87' lang='lat' dir='ltr'><strong>alte</strong></span> <span class='ocrx_word' id='word_1_224' title='bbox 536 3243 557 3276; x_wconf 86' lang='grc' dir='ltr'><strong>ω</strong></span> <span class='ocrx_word' id='word_1_225' title='bbox 610 3238 661 3291; x_wconf 89' lang='lat' dir='ltr'><strong>per</strong></span> <span class='ocrx_word' id='word_1_226' title='bbox 676 3221 791 3276; x_wconf 87' lang='lat' dir='ltr'><strong>aethera</strong></span> <span class='ocrx_word' id='word_1_227' title='bbox 806 3221 863 3276; x_wconf 86' lang='lat' dir='ltr'><strong>alte</strong></span> <span class='ocrx_word' id='word_1_228' title='bbox 877 3221 1040 3278; x_wconf 66' lang='lat' dir='ltr'><strong>Sctuemus:</strong></span> <span class='ocrx_word' id='word_1_229' title='bbox 1059 3224 1153 3278; x_wconf 83' lang='lat' dir='ltr'><strong>saltem</strong></span> 
     </span>
     <span class='ocr_line' id='line_1_31' title="bbox 143 3293 456 3362; baseline 0.003 -15"><span class='ocrx_word' id='word_1_230' title='bbox 143 3293 287 3347; x_wconf 82' lang='lat' dir='ltr'><strong>aetherem</strong></span> <span class='ocrx_word' id='word_1_231' title='bbox 306 3295 456 3362; x_wconf 64' lang='lat' dir='ltr'><strong>scripsisset</strong></span> 
     </span>
    </p>
   </div>
   <div class='ocr_carea' id='block_1_18' title="bbox 553 3361 739 3431">
    <p class='ocr_par' dir='ltr' id='par_1_18' title="bbox 553 3361 739 3431">
     <span class='ocr_line' id='line_1_32' title="bbox 553 3361 739 3431; baseline 0 -1"><span class='ocrx_word' id='word_1_232' title='bbox 553 3361 739 3431; x_wconf 69' lang='lat' dir='ltr'>TEOMESA</span> 
     </span>
    </p>
   </div>
   <div class='ocr_carea' id='block_1_19' title="bbox 141 3487 1179 3683">
    <p class='ocr_par' dir='ltr' id='par_1_19' title="bbox 141 3487 1179 3683">
     <span class='ocr_line' id='line_1_33' title="bbox 209 3487 1179 3580; baseline 0.001 -25"><span class='ocrx_word' id='word_1_233' title='bbox 209 3489 332 3555; x_wconf 83' lang='lat' dir='ltr'><strong>Marius</strong></span> <span class='ocrx_word' id='word_1_234' title='bbox 346 3489 533 3556; x_wconf 86' lang='lat' dir='ltr'><strong>Victorinus</strong></span> <span class='ocrx_word' id='word_1_235' title='bbox 553 3489 643 3555; x_wconf 76' lang='lat' dir='ltr'><strong>OGL.</strong></span> <span class='ocrx_word' id='word_1_236' title='bbox 662 3489 709 3554; x_wconf 82' lang='lat' dir='ltr'><strong>vl</strong></span> <span class='ocrx_word' id='word_1_237' title='bbox 727 3490 746 3554; x_wconf 84' lang='lat'><em>8</em></span> <span class='ocrx_word' id='word_1_238' title='bbox 766 3487 805 3555; x_wconf 91' lang='grc' dir='ltr'><strong>Κ.</strong></span> <span class='ocrx_word' id='word_1_239' title='bbox 829 3491 936 3555; x_wconf 72' lang='lat' dir='ltr'><strong>‘iuxta</strong></span> <span class='ocrx_word' id='word_1_240' title='bbox 959 3493 1066 3555; x_wconf 83' lang='lat' dir='ltr'><strong>autem</strong></span> <span class='ocrx_word' id='word_1_241' title='bbox 1088 3513 1154 3556; x_wconf 90' lang='lat' dir='ltr'><strong>uon</strong></span> <span class='ocrx_word' id='word_1_242' title='bbox 1176 3575 1179 3580; x_wconf 24' lang='grc'>1</span> 
     </span>
     <span class='ocr_line' id='line_1_34' title="bbox 141 3595 1154 3683; baseline 0.001 -21"><span class='ocrx_word' id='word_1_243' title='bbox 141 3597 306 3683; x_wconf 89' lang='lat' dir='ltr'><strong>ponebant</strong></span> <span class='ocrx_word' id='word_1_244' title='bbox 324 3617 392 3660; x_wconf 90' lang='lat' dir='ltr'><strong>cm:</strong></span> <span class='ocrx_word' id='word_1_245' title='bbox 411 3597 485 3663; x_wconf 89' lang='lat' dir='ltr'><strong>inde</strong></span> <span class='ocrx_word' id='word_1_246' title='bbox 502 3620 561 3662; x_wconf 88' lang='lat' dir='ltr'><strong>nec</strong></span> <span class='ocrx_word' id='word_1_247' title='bbox 578 3596 767 3662; x_wconf 84' lang='lat' dir='ltr'><strong>Alcmenam</strong></span> <span class='ocrx_word' id='word_1_248' title='bbox 786 3597 935 3662; x_wconf 83' lang='lat' dir='ltr'><strong>dicebant</strong></span> <span class='ocrx_word' id='word_1_249' title='bbox 951 3616 1010 3662; x_wconf 88' lang='lat' dir='ltr'><strong>noc</strong></span> <span class='ocrx_word' id='word_1_250' title='bbox 1026 3595 1154 3664; x_wconf 80' lang='lat' dir='ltr'><strong>Tecme-</strong></span> 
     </span>
    </p>
   </div>
   <div class='ocr_carea' id='block_1_20' title="bbox 0 0 1330 3982">
    <p class='ocr_par' dir='ltr' id='par_1_20' title="bbox 0 0 1330 3982">
     <span class='ocr_line' id='line_1_35' title="bbox 0 0 1330 3982; baseline 0 0"><span class='ocrx_word' id='word_1_251' title='bbox 0 0 1330 3982; x_wconf 95' lang='lat' dir='ltr'><strong> </strong></span> 
     </span>
    </p>
   </div>
  </div>
 </body>
</html>
