2644 3982
183 219 247 282 312
355 219 404 272 ax
422 174 588 276 moesus
607 221 846 284 moraremur
864 221 1015 277 reama
1036 212 1037 220 ‘

629 389 749 449 CXXVI

150 549 151 554 ,
182 541 190 554 .
228 541 235 552 .
272 488 459 576 prolubium
482 495 530 554 est
552 493 660 575 petere
684 491 858 556 amicitiam
882 493 915 556 et
936 492 1041 556 fidem.

253 609 324 664 Non.
349 615 395 678 64,
420 617 434 664 7
465 611 674 680 ‘proluuinm
702 614 768 666 est’
796 629 818 668 e.
838 630 865 681 q.
885 630 905 667 s.
945 611 1063 678 ‘Acciusf
1083 611 1195 666 Andro·

182 680 266 804 peda
280 724 285 735 .
298 723 303 734 .
316 682 333 734 .’
371 681 537 752 Exemplum
555 699 625 752 esse,
643 699 699 738 non
717 683 804 738 Nonii
822 684 1102 754 interpretamentum
1120 681 1196 738 vidit

205 768 302 821 rpsrue.

253 857 414 937 prolubium
430 859 546 929 Lipsiae
563 858 724 930 proludium
741 881 762 916 a
816 863 912 930 patere
926 861 1042 932 [lipsius
1058 865 1153 930 patere
1170 881 1194 914 ω

623 1027 759 1087 CXXVII
865 1067 867 1070 -

183 1107 325 1174 Aeterna
347 1109 468 1194 templa
491 1109 570 1174 eseli

187 1247 188 1250 ¹
254 1231 343 1285 Varro
362 1229 434 1285 del.
453 1230 572 1285 l.V111
597 1231 766 1286 ‘aenomab
786 1235 880 1286 aetate
899 1233 1024 1287 omnium
1042 1239 1192 1286 annorumt
1292 1217 1293 1288 ζ

130 1372 132 1376 Ι
183 1301 248 1356 hinc
263 1301 446 1371 aeuitemnm,
461 1303 536 1370 quod
550 1302 658 1357 fastum
672 1304 715 1357 est
729 1306 907 1363 aeternum
923 1348 963 1360 ...
979 1303 1016 1358 ab
1029 1317 1061 1356 eo
1072 1301 1193 1356 Plautus
1292 1289 1293 1364 l

184 1372 320 1428 ...hine
350 1375 452 1442 poetae
485 1377 626 1428 aeterna
657 1374 787 1443 templa
819 1374 929 1430 caeli!
966 1376 1012 1446 (ef.
1038 1373 1107 1428 Enn.
1136 1371 1192 1436 ine.
1292 1403 1293 1466 p

182 1461 256 1530 nom.
275 1443 375 1514 XXXI)
611 1524 763 1584 CXXVIII

181 1622 311 1689 'Omnes
324 1623 470 1688 homines
485 1625 525 1688 ad
539 1647 633 1689 suum
644 1629 812 1710 quaestum
822 1627 940 1692 callent
948 1639 1004 1692 neo
1013 1623 1194 1690 fastidiunt.

253 1744 371 1797 Plautus
389 1743 499 1798 Tmeul.
515 1751 566 1798 932
592 1746 722 1800 ‘uenltne
746 1745 776 1801 in
796 1749 920 1801 mentem
938 1745 990 1800 trbi
1009 1745 1099 1816 quod
1117 1760 1195 1798 uer-

182 1815 259 1870 bum
290 1815 324 1868 in
357 1817 461 1870 cauea
489 1815 580 1870 dixit
607 1816 746 1873 histrio:
776 1819 886 1874 omnes’
915 1835 937 1872 e.
957 1835 984 1885 q.
1003 1835 1024 1872 s.
1070 1815 1135 1872 Dixi
1162 1815 1195 1869 in

183 1888 290 1956 quaest.
323 1903 395 1942 soen.
420 1892 471 1940 352
504 1887 685 1942 Telamonem
711 1887 797 1942 Ennii
828 1890 967 1960 aruspices
999 1887 1196 1942 fastidientem

181 1959 253 2012 haee
275 1956 367 2012 dicere
389 1957 528 2028 potuisse,
553 1959 655 2014 sedne
675 1977 692 2012 a
711 1960 857 2014 comoedia
875 1959 988 2031 quidem
1007 1958 1102 2013 aliena
1120 1974 1195 2026 esse;

181 2045 273 2099 neque
296 2031 409 2083 constat
431 2031 516 2097 quain
540 2033 670 2084 accurate
689 2029 751 2100 ipsa
769 2034 872 2100 poetae
891 2029 976 2084 verba
993 2029 1112 2084 Plautus
1131 2029 1194 2082 red·
1292 2033 1293 2082 ζ

183 2099 312 2154 diderit·
333 2099 373 2156 cf.
393 2099 471 2156 Asin.
488 2105 558 2155 186..

253 2171 330 2252 Idem
348 2170 387 2252 ‘in
412 2174 520 2252 quaest.
544 2187 616 2226 seen.
640 2190 666 2241 p.
687 2177 738 2226 356
761 2171 1020 2252 monuiUtragioum
1043 2143 1140 2251 stilum
1155 2169 1195 2250 'in

182 2243 328 2296 comoedra
346 2241 453 2296 amitam
470 2241 603 2303 Plautum
622 2245 651 2296 et
669 2243 831 2298 Terentium
847 2243 938 2296 mden
957 2259 980 2296 e.
1001 2259 1023 2296 o.
1043 2241 1088 2294 hrs
1106 2241 1192 2297 loeis:
1292 2275 1293 2278 =

217 2313 318 2367 Bacch.
334 2318 415 2369 1053:
435 2312 480 2366 fit
497 2316 598 2368 uasta
617 2313 731 2383 Troia,
755 2313 918 2368 scindunt
935 2329 1094 2384 prooeres
1113 2313 1194 2366 Per·
1292 2363 1293 2384 p

466 2401 606 2454 gamum.

218 2454 326 2508 Cureul.
343 2459 389 2509 86:
409 2453 567 2522 quisnam
586 2455 667 2509 istie
686 2454 837 2509 fluuiu'st
851 2457 948 2524 quem
961 2472 1027 2509 non
1041 2453 1195 2524 recipiat

218 2595 304 2650 Stich.
320 2600 385 2650 365:
406 2534 616 2650 ...riiliiibius
634 2565 711 2656 ,sese
722 2569 780 2650 ¹sol
799 2577 989 2666 superabat
1006 2598 1045 2650 ex
1063 2594 1156 2650 mari.

165 2749 168 2754 .
217 2666 389 2722 Menaechm.
406 2673 470 2723 rol:
489 2669 607 2722 tantas
627 2665 772 2722 struices
792 2667 979 2722 concinnat
993 2665 1193 2748 (‘patinarias‚’

536 2737 621 2794 immo
640 2739 759 2793 fortasse
777 2737 988 2807 mortalium)
1083 2789 1085 2793 .

297 2852 312 2878 ,‚
406 2814 519 2877 402sq.:
665 2848 668 2854 «
750 2809 901 2878 ligneam
920 2812 968 2880 (se.
987 2809 1099 2876 nauem)

537 2883 637 2950 saepe
656 2879 789 2950 tritam,
815 2883 916 2950 saepe
935 2879 1068 2949 fissam,
1094 2880 1196 2950 saepe

446 2971 448 2974 ·
803 2967 963 3019 excusam
981 2949 1106 3004 malleo

296 3065 312 3091 ‚,
405 3027 470 3078 330:
508 3065 619 3078 .....
658 3021 1089 3077 Vbleani'aduioldntiam

217 3136 312 3218 aa
352 3173 356 3180 -
404 3099 469 3220 ll
492 3123 539 3219 '33
561 3137 619 3219 :15
641 3136 673 3220 ῑῑ
710 3093 994 3233 reuellere

217 3236 303 3289 Persa
316 3239 368 3288 329
378 3252 450 3303 sqq.:
586 3255 588 3262 ·

236 3321 321 3375 quae
339 3307 392 3359 res
410 3304 496 3359 bene
514 3309 631 3360 uertat
648 3305 692 3360 mi-
706 3308 735 3359 et
753 3305 807 3359 tibi
826 3308 855 3359 et
872 3305 966 3358 uentri
984 3321 1059 3374 meo,

234 3375 558 3447 perennitassitque
577 3377 661 3431 adeo
680 3376 759 3430 huie
777 3379 946 3446 perpetuo
966 3376 1073 3445 eibum,

236 3450 273 3502 ut
290 3446 362 3500 mihi
380 3447 535 3516 supersit
553 3449 717 3516 sdppetat
736 3446 954 3517 superstitet.

237 3534 379 3586 sequere
397 3518 473 3586 hae,
492 3535 564 3572 mea
582 3521 700 3588 gnata,
719 3520 768 3572 me
786 3536 859 3572 oum
877 3517 930 3571 dis
948 3517 1168 3574 uolentibus:

237 3588 317 3657 quoi
335 3588 385 3642 rei
405 3591 507 3657 opera
526 3588 625 3642 detur
644 3591 711 3642 sois
730 3592 826 3644 tenes
844 3587 1036 3658 intellegis.
1069 3639 1071 3644 .
