2648 3978
592 196 623 262 Q.
642 195 777 251 ENNIVS

338 356 410 412 ὥσθ’
431 354 525 428 ἵμερός
543 357 691 426 μουπῆλθε
709 365 744 428 γῇ
762 375 793 410 τε
811 357 940 429 κούρανῷ

337 427 415 494 λέξαι
433 428 553 500 μοίούσῃ
572 430 657 496 δεῦρο
675 425 805 498 Μηδείας
821 427 914 498 τοίχοις.

252 533 267 580 2
286 526 398 580 Medeai·
419 527 561 582 Turnebus
579 525 696 580 Medeae
715 545 736 580 ω

662 649 706 707 IV

209 801 242 817 ..
265 751 383 816 fluctus
405 751 579 816 ue‘rborum
602 773 694 815 aures
717 753 885 834 aucupant.

250 864 323 918 Non.
337 869 398 933 46⁷,
411 868 444 918 15
460 862 662 932 ‘aucupaui,
682 863 807 917 actiuum
819 862 944 932 positum
957 879 1008 932 pro
1022 861 1136 932 passiuo
1148 905 1154 917 .
1166 906 1172 918 .
1186 909 1192 919 .

181 935 287 990 Ennius
306 935 407 989 Medea
423 936 475 990 ...’
515 933 555 990 Cf.
574 934 653 988 chori
671 952 696 988 v.
713 939 763 987 131
783 933 859 1024 apud
876 933 1052 1003 Euripidem:

341 1006 439 1062 ἔκλυον
458 1005 571 1076 φωνάν,
592 1005 690 1061 ἔκλυον
709 1003 741 1058 δὲ
760 1007 831 1078 βοαν

339 1087 390 1141 τᾶς
408 1076 546 1133 δυστάνου
560 1079 570 1147 ΙΙ
583 1074 719 1146 Κολχίδος

251 1175 352 1230 fluctus
371 1175 526 1230 συνίουσιν
543 1192 595 1246 σιμ,
614 1173 721 1228 fructus
740 1194 761 1227 ω
780 1173 909 1229 fremitus
927 1192 948 1230 a

629 1297 741 1463 naha
976 1376 978 1380 ’

183 1505 271 1584 Quae
295 1503 487 1570 Corinthum
510 1526 616 1569 arcem
639 1505 737 1569 altam
760 1503 900 1591 habetis,
928 1506 1092 1570 matronae
1115 1526 1195 1590 opu-

819 1611 940 1695 lentae,
963 1613 1157 1697 optumates!

590 1699 609 1741 θ
763 1699 783 1740 ³1⁶

677 1744 695 1785 >it

130 1823 182 1872 220
193 1806 290 1872 Mrssti
308 1830 399 1871 suam
413 1829 481 1871 rem
495 1805 577 1870 bene
591 1828 717 1892 gessere
732 1811 764 1870 et
777 1806 940 1890 publicam
953 1807 1059 1892 patria
1072 1808 1196 1894 procul,

183 1913 294 1998 Multi,
317 1914 374 1999 qui
398 1912 484 1977 domi
508 1915 646 1977 ae'tatem
669 1917 816 1999 agerent,
839 1915 971 1998 propter
994 1935 1031 1978 ea
1053 1917 1129 1977 sunt
1147 1913 1195 1979 in-

820 2019 958 2104 probati.

255 2133 351 2189 Cicero
380 2133 417 2187 ad
444 2131 533 2186 famil.
556 2131 645 2186 Vns
680 2131 835 2186 ‘desideria
862 2131 939 2185 urbis
967 2135 996 2186 et
1022 2131 1195 2186 urbanitatis

184 2207 293 2275 depone
317 2208 346 2259 et
367 2221 422 2273 quo
442 2202 559 2258 consih'o
576 2203 719 2272 profectus
739 2219 782 2271 es,
806 2203 836 2256 id
855 2202 1022 2258 assiduitate
1042 2206 1071 2257 et
1088 2202 1195 2258 uirtute

184 2293 361 2346 consequere.
398 2275 459 2330 Hoc
477 2273 532 2329 tibi
550 2278 610 2329 tam
627 2274 804 2344 ignoscemus
822 2292 874 2329 nos
893 2274 989 2343 amici,
1011 2292 1096 2342 qnam
1114 2274 1196 2345 igno-

184 2352 286 2402 uerunt
303 2347 433 2416 Medeae,
453 2362 539 2414 quae
558 2345 586 2400 C.
602 2363 627 2400 a.
643 2363 668 2400 a.
687 2345 875 2414 habebant,
893 2363 930 2400 m.
950 2363 975 2400 o.
995 2345 1195 2416 optimates:

184 2419 287 2488 quibus
305 2418 356 2472 illa
375 2417 506 2472 manibus
524 2414 731 2486 gypsatissimis
749 2417 897 2486 persuasit,
915 2433 951 2470 ne
970 2416 1024 2470 sibi
1040 2416 1112 2471 uitio
1126 2417 1195 2472 illae

184 2492 338 2557 uerterent,
358 2488 433 2556 quod
453 2488 565 2543 abesset
583 2505 601 2542 a
618 2487 725 2558 patria:
748 2506 815 2543 nam
833 2487 948 2542 multi'
970 2504 993 2542 e.
1013 2507 1039 2556 q.
1060 2506 1080 2542 s.
1116 2488 1194 2554 ‘Quo

184 2561 215 2614 in
228 2576 343 2614 numero
357 2562 389 2613 tu
404 2561 478 2614 certe
492 2559 602 2628 fuisses,
618 2559 717 2614 uisite
732 2559 945 2614 extrusissemus
962 2603 1002 2614 ...
1017 2563 1047 2614 et
1060 2559 1196 2629 quoniam

183 2631 314 2686 Medeam
337 2629 417 2700 coepi
439 2647 534 2701 agere,
557 2630 631 2684 illud
649 2647 757 2701 semper
775 2633 915 2686 memento
933 2630 1029 2703 [XV].’
1068 2630 1196 2686 Contulit

184 2701 342 2756 Politianus
361 2701 439 2755 Misc.
459 2717 518 2771 cap.
539 2707 572 2755 27
591 2701 734 2772 Euripidis
753 2720 779 2756 v.
799 2707 862 2758 214:

344 2769 499 2841 Κορίνθιαι
517 2781 659 2842 γυναῖκες,
679 2769 800 2899 ἐξῑὸίθον
819 2771 925 2844 δόμων,

344 2843 381 2913 μή
400 2841 447 2914 μοί
464 2862 492 2896 τι
510 2843 671 2914 μέμψησθ”
692 2864 707 2899 ο
739 2865 757 2898 α
775 2843 828 2915 γὰρ
846 2845 965 2908 πολλοὺς
983 2847 1091 2918 βροτῶν

345 2915 461 2983 σεμνοὺς
479 2924 611 2985 paparone,
631 2915 695 2978 τοὺς
714 2914 765 2985 μὲν
783 2916 914 2985 ὀμμάτων
933 2915 1005 2984 ἄπο,

344 2987 409 3050 τους
428 2984 457 3040 θ’
479 2983 510 3041 ἐν
528 2983 670 3054 θυραίοις·
691 2986 719 3042 oi
737 2985 765 3041 d'
786 2985 840 3056 ἀφ’
860 2987 965 3057 ἡσύχου
982 2987 1070 3050 ποδὸς

344 3057 493 3112 δύσκλειαν
512 3056 663 3126 ἐκτήσαντο
681 3057 730 3112 καί
748 3054 902 3132 ρᾳθυμίαν.

186 3144 304 3196 qnorum
331 3131 454 3182 mentem
480 3145 537 3182 non
563 3131 638 3183 recte
667 3130 831 3183 adsecutum
858 3145 919 3182 esse
941 3128 1064 3183 Ennium
1085 3129 1196 3183 monuit

184 3200 338 3269 praeeunte
356 3199 466 3253 Mureto
484 3217 542 3254 rar.
561 3199 626 3254 lect.
644 3201 710 3254 ViII
730 3207 762 3254 17
780 3199 939 3254 Elmsleius.

258 3303 272 3349 1
297 3297 396 3352 Versus
417 3299 529 3369 aprrooit
547 3300 656 3367 primus
677 3298 800 3369 Arrpebre
817 3297 976 3353 Politioares
1031 3296 1197 3352 Corinthum

183 3369 312 3438 probavit
328 3369 469 3424 Bataua
483 3367 611 3424 Corinthi
626 3369 781 3424 Lambinus
832 3370 915 3440 Quem
932 3371 1004 3425 inter
1023 3373 1037 3421 1
1056 3375 1112 3424 eti
1130 3369 1196 3424 olim

186 3439 271 3506 faisse
292 3441 448 3510 eipaiftcaoi
469 3455 573 3495 υονοινιτ
595 3441 745 3496 Εἰναίιίνο
767 3441 805 3495 ad
827 3439 898 3495 Ευν.
922 3441 997 3496 Med.
1017 3445 1069 3493 209
1088 3457 1102 3495 ο
1121 3439 1195 3495 Cice·

186 3525 252 3564 roae
274 3510 347 3564 bunc
369 3513 556 3567 οοιιουυυοοίτε
582 3513 618 3564 ne
641 3510 711 3564 mihi
733 3509 804 3564 uitio
827 3513 879 3564 μοι
901 3509 1034 3579 uortatis,
1061 3512 1078 3564 t
1100 3510 1197 3580 patria

187 3580 263 3648 quod
282 3580 389 3635 absiem
884 3604 887 3612 ¹
