2682 3980
559 221 589 277 L.
609 221 734 276 ACCIVS
863 270 865 274 ,
1054 247 1056 252 ’
1085 222 1149 286 217

140 398 209 434 num
233 384 261 435 et
283 398 389 436 nouum
410 381 573 436 uehiculum
595 383 822 450 Argonautarum
845 397 860 435 e
882 385 978 436 monte
999 381 1151 464 conspexit,

140 451 232 521 primo
252 453 394 507 admirans
413 456 442 508 et
459 452 634 523 perterritus
642 453 695 506 hoe
713 453 797 506 modo
809 452 941 534 ⁸loquitur
959 453 1003 525 [1].
1032 451 1153 507 Dubitat

141 522 244 593 primo
273 541 355 605 quae
372 524 410 578 sit
433 541 467 578 ea
490 526 605 592 natura,
633 541 719 591 quam
742 523 831 577 cernit
853 523 993 594 ignotam,
1021 525 1152 592 idemque

140 567 291 648 iuuenilius
314 595 383 649 uisis
408 595 561 676 auditoque
579 594 693 649 nautico
713 597 798 649 cantu
817 596 990 667 [sos-406]
1027 595 1102 665 Ergo
1120 597 1153 648 ut

141 665 189 718 hie
215 664 306 734 primo
334 666 484 736 aspectu
477 666 633 720 rnanimum
660 664 795 748 quiddam
819 682 956 734 sensuque
980 683 1100 720 uacuum
1123 683 1152 720 se

141 739 225 805 putat
248 753 372 806 cernere
395 741 460 819 post
483 740 579 791 autem
602 736 690 819 signis
709 737 888 818 certioribus,
911 737 995 805 quale
1014 737 1052 792 sit
1069 737 1099 791 id
1118 737 1153 790 de

142 823 199 875 quo
218 807 408 876 dubitauerit,
427 808 528 878 incipit
542 807 691 877 suspicari:
711 807 751 862 sio
768 807 946 890 philosophi’
967 825 989 862 e.
1005 827 1031 876 q.
1047 827 1068 864 s.
1090 808 1153 877 (Hie

143 878 221 932 locus
255 879 373 933 deest'
365 899 395 933 1n
421 879 505 934 Vind.
539 882 568 934 et
594 879 665 948 Pal.)
705 878 865 933 Priscianus
897 879 932 933 de
963 879 1059 934 metris
1091 879 1152 934 Ter.

145 947 221 1004 CGL.
240 949 323 1020 Hlp.
348 957 401 1005 424
419 950 452 1006 K.
496 949 608 1005 ‘Accius
640 949 674 1003 in
702 949 913 1020 Argonautis
942 967 980 1004 ex
1008 966 1154 1020 persona

145 969 316 1090 pastorisp
332 1039 390 1089 qu1
408 1039 550 1091 pr1mam
569 1020 1152 1093 urdrtnauenrArgo[10-122-4].

145 1091 265 1215 Noniup!1
273 1097 321 1216 93
337 1093 558 1236 8[c]0nciere‚
579 1109 642 1145 cum
657 1092 871 1164 perturbatione
891 1109 1063 1148 conmouere.
1091 1093 1154 1147 Ac-

144 1180 217 1216 c1us
270 1179 285 1216 e
316 1169 400 1217 eat

215 1294 231 1340 2
251 1287 351 1368 spiritu
365 1289 573 1343 Priscianust
547 1307 559 1342 s
561 1289 666 1358 trepitu
682 1289 818 1347 Ciceronis
832 1310 853 1343 ω
908 1297 925 1343 4
938 1287 1078 1358 respargit
1092 1287 1153 1342 Eri.

143 1358 322 1428 respergitrp
386 1359 467 1413 reflat
484 1361 648 1416 Priscianus
665 1359 779 1429 profluit
799 1361 891 1416 Cicero
955 1366 1058 1414 inum
1077 1358 1154 1429 Glap.

145 1433 258 1499 (iterna.
274 1433 301 1499 6)
356 1429 496 1502 tuentis]
515 1430 621 1486 uertice
638 1432 775 1502 Berplcius
830 1431 1002 1501 iprocellas
1020 1431 1156 1501 Berytius
1216 1434 1219 1439 “

86 1501 87 1504 ’
201 1507 233 1554 10
253 1500 362 1554 auferte
383 1501 436 1556 Cic.
457 1503 534 1557 Leid
554 1503 582 1556 B
601 1507 649 1570 (an
664 1502 768 1571 fortei)
841 1509 873 1556 11
893 1501 1014 1557 undanti
1034 1500 1155 1554 infracto

146 1573 233 1627 Prisc.
249 1572 330 1626 Purr.
345 1572 414 1641 AR,
434 1574 493 1628 Vas.
510 1573 588 1628 Leid
604 1576 631 1629 V
645 1574 784 1628 undantes
801 1573 919 1627 ueniant
932 1573 1004 1628 freto
1020 1572 1156 1628 Ciceronis

145 1665 166 1696 ω
241 1649 273 1696 12
293 1645 324 1696 at
346 1617 444 1699 Leiid.
468 1644 535 1714 AO,
559 1662 609 1700 on.
634 1646 695 1700 Eri.
768 1644 852 1714 erigit
870 1645 1066 1700 Lachmannus
1084 1641 1157 1697 erait

146 1715 239 1769 Cicero
257 1721 283 1768 ei
301 1715 464 1770 Priscianus
482 1715 588 1771 euomit
609 1717 732 1786 Toupias
750 1715 846 1770 euehit
865 1717 994 1772 Klotrins

598 1919 636 1978 II.
659 1919 706 1978 HI

148 2025 240 2089 sicu
262 2026 375 2090 lasciui
398 2031 495 2112 etque
517 2029 637 2093 alacres
659 2030 774 2094 rostris
796 2029 996 2114 pe'rfremunt

148 2131 316 2217 Delphini,
338 2134 417 2198 item
440 2133 506 2197 alto
529 2135 650 2199 miilcta
674 2134 801 2200 Siluani
820 2136 905 2200 melo

149 2235 356 2302 Consimilern
379 2239 420 2302 ad
442 2240 529 2303 auris
551 2241 625 2304 ceint
611 2244 681 2305 tum
704 2244 737 2304 et
759 2242 848 2305 audit
834 2245 904 2305 tim
927 2241 1033 2305 refert.

1158 2103 1211 2150 404

1159 2191 1211 2238 405

221 2384 270 2431 1-
273 2383 302 2432 3:
323 2379 385 2432 Bne
402 2381 575 2460 continuarit
592 2381 626 2447 cf.
645 2381 736 2434 caroli.
754 2379 874 2450 LVIIsq.
931 2379 1040 2433 lsieut
1058 2376 1159 2430 lasciui

146 2451 246 2518 scripsi
268 2447 342 2502 sieut
363 2448 486 2530 inpitia
510 2449 550 2504 sie
574 2453 624 2504 aut
646 2450 728 2504 inciti
751 2452 816 2505 oiim
838 2453 964 2506 dederam
987 2449 1027 2504 sie
1045 2446 1158 2502 incitati

151 2520 227 2600 Glop:
250 2519 327 2574 simis
346 2519 426 2575 inciti
445 2521 642 2576 Lachmannas
665 2521 738 2575 sieut
761 2521 864 2576 conciti
881 2539 961 2592 prop
981 2522 1043 2575 Bne
1096 2536 1158 2589 per·
1254 2537 1255 2540 ¹

148 2589 291 2644 fremitum
318 2591 379 2646 Eri.
427 2591 597 2646 erfricant‘
599 2609 695 2647 nacera
722 2594 799 2674 Arpc
823 2594 937 2648 scilicei’
963 2593 1159 2648 Lachmannus

203 2667 265 2732 usq.
294 2661 362 2716 item
419 2665 449 2716 to
477 2662 583 2718 mulcta
611 2666 709 2734 scripsi
734 2662 804 2718 item
830 2662 887 2717 alia
910 2663 1001 2717 multa
1029 2683 1062 2732 a,
1090 2678 1159 2732 quae

149 2735 229 2803 culpo
248 2751 302 2802 pro
326 2734 462 2789 Oiceronis
479 2736 566 2790 uerbis
583 2737 752 2790 habebantur
769 2733 838 2788 item
856 2733 908 2788 illa
926 2736 1004 2788 mota
1021 2707 1062 2789 uel
1079 2735 1159 2786 muta

145 2820 224 2928 prop.
244 2805 306 2858 Bae
328 2803 398 2858 item
416 2804 477 2859 alta
499 2806 587 2860 moles
608 2809 677 2862 coni.
699 2805 907 2862 OFWMueller
979 2803 1159 2859 tconsimile

173 2877 288 2930 neronis
306 2897 326 2929 ω

633 2991 676 3049 IV

150 3099 233 3186 'Ego
256 3123 307 3212 rue
331 3102 450 3167 extollo
473 3102 509 3165 in
531 3101 683 3186 ibicum,
711 3102 775 3165 alte
798 3123 837 3165 ex
860 3104 932 3164 trito
955 3101 1161 3184 prospectum

788 3213 921 3291 sicupo.

222 3329 293 3384 Non.
314 3330 653 3399 467,19‘aucupaui‚
677 3328 803 3382 aetiuum
825 3327 950 3397 positum
972 3344 1022 3397 pro
1046 3326 1161 3396 passiuo

153 3401 311 3456 ..Accius
330 3402 541 3470 Astyanacte.
555 3401 651 3457 ,idem
669 3399 845 3454 Medea...
1216 3403 1218 3410 '

225 3524 314 3578 altam
332 3526 451 3580 Boetius
503 3528 681 3595 prospectum
702 3525 866 3580 Gulielmius
883 3523 1065 3594 prospectans
1085 3542 1106 3574 ω

153 3612 296 3665 aucupans
314 3613 335 3650 u
