2662 3978
533 218 564 284 Q.
584 217 720 274 ENNIVS

566 438 693 498 XLVIII

122 539 268 606 Vocibus
291 541 433 605 conoide:
457 540 539 604 faxis
562 544 683 605 musset
706 540 850 604 dbrutua

193 662 284 717 Varro
303 663 338 716 de
356 662 373 716 l.
393 661 595 716 1.V11101M.
626 662 714 731 ‘apud
731 661 865 718 Ennium:
884 663 1012 720 uocibus’
1029 679 1051 719 e.
1067 682 1093 732 q.
1110 681 1130 718 e.

124 733 292 787 ‘mussare
311 732 430 802 dictum,
454 733 530 802 quod
547 731 620 787 muti
637 749 694 788 non
714 750 760 787 am
778 733 833 787 lius
853 751 938 802 qnam
956 743 993 805 μῦ
1011 734 1130 789 dicunt!

123 802 163 858 cf.
192 803 304 859 Servius
336 803 407 858 Dan.
440 803 470 857 in
497 804 565 858 Aen.
594 803 645 857 XII
663 809 714 859 657
744 752 865 859 ‘Ennius
898 822 1049 860 mussare
1079 823 1131 875 pro

121 876 216 930 tacere
233 874 349 945 posui&

194 981 267 1036 faxis
289 985 398 1036 musnet
418 983 516 1051 eoripst
538 981 657 1036 facimus
681 985 710 1035 et
729 981 805 1037 Ftor.
825 1000 886 1038 cora
905 984 982 1038 Zadris
996 985 1133 1054 plerisque

121 1053 184 1109 faoe
203 1056 311 1107 mueset
329 1055 471 1110 Tametra
488 1052 577 1106 facito
594 1071 630 1107 m.
649 1070 670 1108 a
728 1052 859 1108 obrutum
876 1071 943 1110 corr.
963 1071 997 1110 ea
1015 1053 1132 1109 obrutus

126 1125 159 1180 F
172 1127 365 1180 atreidebatur
380 1124 493 1181 evorea
512 1123 628 1178 obrutus
646 1131 703 1180 teat.
718 1124 828 1180 Koile'ae
882 1124 1017 1198 (uerbis)
1035 1125 1088 1196 fao,
1107 1126 1132 1180 ei

120 1197 239 1263 mussat,
258 1195 390 1250 obrutum
407 1198 477 1251 oeni.
491 1196 527 1249 A.
542 1195 702 1266 Spengeliae
720 1197 750 1249 et
766 1195 829 1249 face
847 1213 883 1251 m.
904 1213 928 1250 o.
946 1197 1132 1253 henametrwm

119 1267 248 1322 morarum
262 1284 342 1337 prop.
362 1285 380 1322 a
398 1269 539 1338 trapoedia
557 1267 722 1322 abioda'eaae
740 1266 883 1338 Boeotios.

579 1452 677 1512 XLIX

119 1533 172 1599 Ad
195 1556 268 1599 eum
295 1534 465 1600 ddItauere.

191 1657 343 1712 Diomedes
360 1675 387 1727 p.
402 1663 454 1711 336
467 1657 497 1712 P.
529 1656 612 1712 ‘item
632 1658 703 1711 adeo
722 1657 791 1712 adis.
815 1658 868 1712 hoo
883 1656 1017 1714 iteramus
1032 1660 1129 1714 adIto

12 1729 14 1740 '
120 1728 215 1782 aditae
234 1727 408 1799 dictitantes,
426 1732 459 1782 ut
476 1728 595 1783 Ennius:
616 1728 652 1782 ad
671 1744 734 1782 eum
753 1728 917 1784 aditauere.’

610 1912 638 1976 Ιι

59 2086 67 2098 ‚
118 2067 153 2082 ..
174 2068 206 2081 ..
231 2015 385 2081 festiuum
408 2016 564 2081 festinant
586 2015 679 2082 diem.
1129 2026 1182 2075 395

192 2137 306 2192 Servius
323 2137 393 2191 Dan.
412 2137 444 2191 in
461 2139 530 2193 Aen.
548 2137 587 2191 IX
601 2143 653 2192 399
674 2138 804 2208 ‘antique
822 2143 984 2210 properet
1001 2143 1129 2207 mortem,

118 2211 153 2264 nt
170 2209 302 2263 Plautus:
321 2225 470 2279 properare
488 2209 649 2280 prandium3
669 2209 786 2266 Ennius:
805 2209 939 2265 festiuum
957 2210 976 2265 f.
996 2210 1034 2264 d.’
1063 2211 1129 2265 Phi-

118 2279 261 2351 largyriua
283 2279 314 2333 in
332 2279 380 2334 Ge.
399 2280 438 2336 IV
453 2286 504 2336 170
529 2279 664 2335 ‘fulmina
686 2283 873 2351 properant
890 2283 1001 2336 uetusta
1020 2281 1073 2351 nit,
1097 2285 1130 2336 ut

118 2351 251 2406 Plautus:
270 2355 423 2421 properant
439 2351 596 2422 prandium,
616 2355 646 2406 et
663 2352 781 2408 Ennius:
800 2352 971 2407 festinant
990 2351 1083 2407 diem'

605 2538 645 2597 LI

122 2689 235 2704 .....
260 2639 377 2705 adbitis
399 2639 564 2725 pinsibdnt
586 2638 730 2705 humum.

176 2759 280 2829 'Venno
295 2761 330 2814 de
343 2760 362 2815 1.
376 2761 395 2814 1,
409 2760 435 2815 V
449 2766 483 2814 23
496 2761 534 2816 M.
565 2763 654 2817 ‘terra
673 2766 705 2817 ut
720 2765 824 2832 putant
837 2762 936 2817 eadem
950 2765 979 2816 et
997 2761 1128 2818 humus:

119 2829 184 2884 ideo
202 2830 326 2885 Ennium
343 2830 373 2884 in
391 2834 495 2886 terram
513 2833 641 2888 cadentis
661 2834 753 2888 dicere
769 2878 773 2889 .
790 2877 795 2888 .
812 2833 829 2888 .’

189 2937 345 3007 pineabant
365 2938 442 3004 Goth.
461 2940 495 3007 of.
515 2942 610 2995 annal.
632 2945 685 2994 354
704 2941 733 2997 V.

595 3126 652 3185 LII

116 3220 357 3309 'Imprimitque
379 3246 478 3312 genae
500 3247 623 3312 genam.

190 3344 303 3400 Servius
325 3345 356 3399 in
378 3347 447 3401 Aen.
465 3346 504 3402 VI
518 3352 570 3402 686
595 3347 717 3401 ‘Ennius
738 3348 778 3401 de
797 3343 989 3403 dormiente
1004 3350 1057 3404 ...'
1095 3350 1128 3404 In

118 3415 237 3500 annales
250 3416 357 3486 recepit
369 3417 491 3472 numeria
506 3417 600 3472 soluta
612 3436 645 3488 ως
663 3421 795 3488 poterant
809 3419 896 3474 etiam
909 3419 940 3473 in
954 3419 1048 3476 satiris
1061 3419 1127 3490 legi.

117 3522 492 3664 molInlIiridnldIsIIIemeque
519 3525 613 3595 Mea,
645 3533 677 3582 ut
703 3541 757 3594 que
784 3527 848 3595 sort.
877 3528 991 3582 delendo
1016 3529 1053 3583 eit
1081 3528 1127 3596 (of.

933 3685 967 3737 θ’
