2644 3982
321 205 370 272 EX
387 204 553 260 INCER'IIS
571 203 812 260 INOERTORuM
829 204 981 259 FABVLIS
1089 205 1154 270 275

140 364 243 418 mentis
268 365 416 418 adfectae’
455 363 494 418 Cf.
518 363 646 418 Naelrius
670 381 764 433 opusc.
787 365 876 420 1360.
914 364 958 417 Ad
981 363 1155 436 Cassandrae

141 435 282 490 canticum
301 436 377 504 quod
396 435 483 489 estin
497 435 581 488 Ennii
595 436 755 490 Alexandro
770 435 880 490 rettuli:
898 434 932 490 of.
948 435 1013 490 hist.
1028 439 1100 504 trag.
1110 441 1154 491 91.
1247 491 1250 498 ,

210 543 279 595 heus
299 551 339 597 ter
358 544 414 597 cod.
434 549 459 597 et
477 543 536 596 edd.
627 623 670 680 XI

139 720 315 806 Postquam
334 722 392 786 abs
410 727 456 808 te,
474 721 699 809 'Agamemno‚
717 727 755 787 dt
772 723 915 786 uenirem
935 723 1045 808 tetigit
1062 744 1155 788 aures

779 829 926 913 nuntius,

138 916 321 1001 'Extemplo

210 1037 305 1092 Cicero
326 1038 361 1091 ad
380 1039 438 1093 Att.
458 1039 523 1093 XIII
537 1046 570 1094 47
590 1042 635 1107 (50
655 1039 686 1093 O.
701 1031 732 1094 Ε.
749 1038 886 1108 Schmidt)
908 1038 1151 1106 ‘Posteaquam
1191 1088 1192 1092 ,

140 1109 262 1176 abste,
282 1110 498 1179 Agamemno,
517 1127 573 1164 non
592 1113 628 1163 ut
647 1110 799 1164 uenirem
814 1154 819 1163 .
832 1154 854 1164 ..
871 1110 920 1163 sed
939 1112 971 1163 ut
990 1109 1149 1180 scriberem,

138 1179 262 1249 tetigit
281 1197 378 1234 aures
396 1181 550 1250 nuntius,
572 1182 741 1250 extemplo
760 1181 893 1235 instituta
912 1179 1006 1248 omisi3
1027 1197 1149 1249 eaquae

138 1249 168 1303 in
186 1250 315 1304 manibus
335 1251 482 1318 habebam,
502 1252 604 1319 abieci;
624 1253 700 1321 quod
718 1253 849 1320 iusseras,
868 1251 1000 1305 edolani’
1039 1255 1149 1322 (aures

140 1321 341 1376 ..instituta
356 1339 408 1378 om.
423 1323 506 1390 Med,
520 1340 575 1392 quo
590 1322 672 1377 nixus
688 1325 730 1378 ‘ut
745 1323 895 1379 scriberem
908 1322 1019 1392 pepigit
1029 1321 1148 1392 Oppius'

138 1392 209 1446 miro
228 1392 347 1447 artificio
367 1393 539 1463 excogitavit
558 1394 588 1449 0.
605 1395 636 1449 E.
652 1395 842 1465 Schmidtius.)
870 1392 1045 1461 Tragoedias
1063 1395 1151 1448 verba

106 1509 109 1515 .
139 1464 256 1533 agnovit
274 1463 448 1519 Gulielmius.
486 1464 526 1520 Cf.
545 1465 633 1520 Varro
657 1465 687 1520 in
711 1466 833 1535 epistula
850 1465 905 1518 Iuli
924 1465 1051 1532 Caesaris
1075 1466 1151 1535 apud

139 1534 262 1588 Nonium
284 1554 310 1604 p.
331 1542 431 1603 263,3
454 1536 564 1606 (fragm.
583 1538 662 1592 Varr.
685 1556 713 1607 p.
734 1544 784 1592 259
803 1539 848 1598 R.)
878 1538 977 1605 ‘quem
1005 1536 1089 1590 simul
1117 1553 1151 1590 ac

139 1605 257 1660 Romam
284 1606 395 1661 uenisse
421 1606 491 1661 mihi
514 1608 640 1678 attigit
663 1608 755 1663 auris
778 1608 933 1676 nuntius,
961 1603 1150 1676 'Extemplo

138 1694 227 1736 meos
246 1677 281 1730 in
299 1678 507 1733 curriculum
526 1680 658 1734 contuli
676 1697 820 1750 propere
837 1679 962 1750 pedes.‘
991 1679 1033 1732 Ex
1047 1679 1149 1749 quibus

138 1747 208 1803 haec
223 1751 348 1803 extrema
362 1767 434 1818 quae
449 1751 637 1820 septenarium
650 1751 824 1807 trochaicum
839 1752 953 1820 explent
961 1749 992 1804 in
1001 1749 1150 1820 tragoedia

138 1837 164 1872 v.
181 1825 214 1872 23
234 1822 332 1873 secuta
349 1820 436 1874 fuisse
455 1825 536 1876 caute
556 1823 714 1892 suspicatus
729 1827 772 1877 est
785 1822 979 1876 Buechelerus.
1007 1822 1069 1890 lpse
1084 1820 1152 1874 olim
1170 1836 1173 1841 ·

139 1889 172 1944 fr,
192 1890 244 1942 XII
271 1891 308 1943 ad
336 1893 454 1946 eandem
481 1893 636 1948 orationem
662 1894 838 1948 referendum
865 1909 925 1947 esse
953 1891 1073 1961 conieci,
1102 1892 1151 1946 sed

94 2004 97 2008 .
141 1959 303 2016 Ciceronem
322 1965 396 2016 certe
414 1980 471 2017 non
488 1963 570 2032 plura
588 1982 673 2032 quam
692 1981 764 2034 quae
782 1965 812 2018 in
829 1967 909 2018 textu
927 1963 1009 2032 posui
1029 1966 1057 2017 et
1075 1963 1151 2030 quod

139 2029 300 2084 Ennianum
319 2049 386 2086 sane
405 2037 448 2087 ert
466 2034 604 2088 edolaui
625 2036 669 2104 (cf.
688 2037 777 2089 Varro
796 2035 828 2090 fr.
844 2041 878 2089 69
893 2035 934 2104 Β.)
954 2036 1074 2103 aposta
1091 2050 1152 2087 mu·

140 2105 252 2156 tuatum
271 2119 332 2156 esse
351 2120 424 2158 nunc
443 2104 513 2158 mihi
531 2103 641 2174 quoque
659 2123 823 2175 persuasum
842 2109 892 2160 est.
921 2103 1047 2160 Contulit
1061 2103 1151 2158 Lade-

140 2173 219 2226 vicus
247 2190 281 2227 ex
306 2173 449 2243 Euripidis
473 2175 619 2245 Iphigenia
637 2196 662 2232 v.
679 2183 742 2232 633:
771 2172 792 2232 ὦ
820 2175 903 2248 σέβας
931 2172 992 2245 ἐμοὶ
1035 2173 1151 2245 ε’γιστον,

137 2242 310 2368 mmm
331 2245 417 2314 ἄναξ,
430 2243 566 2315 Ἥκομεν,
585 2247 718 2318 ἐφετμαῖς
736 2248 787 2302 οὐκ
805 2249 972 2302 ἀπιστοῦσαι
990 2264 1005 2300 o
1020 2250 1083 2300 θεν.
1111 2245 1151 2300 Cf.

161 2314 183 2368 's
199 2360 204 2370 .
223 2319 294 2386 trag.
316 2322 358 2369 98.

213 2427 226 2474 1
245 2425 432 2491 posteaquam
446 2423 498 2476 abs
511 2424 570 2491 ted,
584 2424 765 2494 Agamemno,
781 2423 878 2493 tetigIt
892 2440 917 2478 a.
931 2442 958 2478 n.
975 2424 1151 2478 Gulielmium

139 2495 281 2549 abhorrere
300 2495 334 2548 ab
354 2497 520 2564 coitqaitate
537 2497 723 2564 posteaquam
741 2497 847 2551 monuit
864 2495 1029 2550 Bitschelius

614 2636 672 2694 XII

511 2737 673 2800 coneItum
696 2738 795 2802 tetuli
814 2738 958 2823 gradum.
1150 2755 1184 2804 25

209 2855 351 2911 Charisius
369 2875 396 2926 p.
412 2861 463 2910 248
477 2856 507 2910 P.
546 2857 738 2926 ‘prothesis
766 2862 821 2927 est,
849 2876 913 2912 curn
937 2857 1045 2927 primae
1072 2859 1147 2928 parti

139 2925 269 2981 dictionis
293 2931 343 2982 aut
365 2927 461 2982 littera
484 2927 605 2984 adicitur
628 2933 678 2984 aut
701 2929 818 2998 syllaba.
858 2929 955 2983 littera
1027 2929 1146 3000 syllaba,

139 3001 182 3052 ut:
206 2998 346 3053 concitum
369 3003 388 3052 t.
408 3017 434 3069 g.
453 3016 503 3068 pro
522 2999 595 3053 tuli’
634 3000 783 3054 Diomedes
801 3019 828 3070 p.
843 3006 895 3054 436
909 3001 939 3056 Ρ,
970 3001 1145 3070 ‘prosthesis'

139 3068 233 3137 (immo
264 3069 418 3139 ‘prothesis
426 3071 445 3140 ’)
479 3071 538 3123 ‘est
570 3071 711 3140 appositio
743 3071 882 3141 quaedam
914 3071 950 3125 ad
977 3071 1147 3142 principium

140 3138 278 3194 dictionis.
316 3139 429 3195 litterae
444 3185 449 3194 .
462 3186 467 3195 .
480 3140 640 3212 ..syllabae
660 3146 704 3198 ut:
723 3142 863 3197 concitum
880 3145 901 3196 t.
921 3160 947 3212 g.
966 3161 1016 3212 pro
1036 3143 1109 3197 ruli!

606 3284 681 3342 XIII

137 3381 206 3446 Iam
230 3382 361 3446 domum
384 3383 517 3449 itionem
539 3386 631 3471 reges
654 3383 788 3450 Atridae
810 3390 933 3469 parant.

206 3503 289 3558 Rhet.
309 3504 346 3557 ad
364 3504 482 3560 Herenn.
501 3505 540 3560 III
554 3495 604 3572 21,
615 3511 650 3560 34
674 3507 754 3560 ‘oum
776 3507 925 3561 uerborum
945 3505 1144 3561 similitudines
1239 3495 1242 3501 ¹

137 3573 307 3644 imaginibus
336 3575 489 3644 exprimere
516 3577 653 3646 nolemus,
682 3578 745 3647 plus
772 3577 880 3648 negotii
908 3576 1091 3646 suscipiemus
1116 3581 1146 3632 et

934 3667 985 3721 18*
