2644 3982
476 203 636 258 NAEVIVS
672 203 808 258 ENNIVS
1085 204 1152 268 323

140 381 158 418 a
182 363 295 418 senibus
315 365 488 418 sustentatas
508 368 537 418 et
554 364 700 418 restitutas
718 361 871 432 reperietis:
909 364 990 418 cedo
1064 363 1152 418 cito?

139 435 180 559 {ilic
195 434 298 561 tenimffl
309 435 556 559 pafffiwntlnthibus·
569 435 604 487 in
626 433 750 516 Naeuii
777 437 900 516 poeta-e
913 435 1015 560 bLupt?
1038 451 1152 505 respon-

159 523 242 560 enur
269 522 284 560 e
366 523 383 559 a
411 521 426 559 e
488 523 521 561 oc
548 525 578 560 m
625 523 715 560 rrm1s:
767 521 908 560 rouenre
938 523 980 560 an
1039 523 1062 563 e.
1103 523 1149 562 ,s

139 576 428 646 percontantibus
442 525 639 632 Mommsenls.
665 523 915 646 perebntantur
927 580 966 631 ut
979 577 1055 633 Leid.
1074 524 1150 648 pler-

139 647 327 702 c'ontantur
353 650 391 700 ut
418 651 471 702 cst
499 648 585 702 ceteri
612 647 686 702 libri.
740 647 835 724 neuii
857 648 934 703 Laid.
954 649 1027 703 Flor.
1045 649 1149 704 Erfiirt.

137 719 226 773 Paris.
244 719 391 790 Rhenaug.
411 720 484 773 alter
537 723 659 788 poetae
673 719 751 773 Leid.
770 719 958 788 posteriori
973 720 1060 774 Paris.
1076 720 1148 774 Flor.

138 789 332 859 posteriore
359 789 463 844 Erfurt.
490 791 636 860 Rhenaug.
665 789 738 844 alter
804 790 895 860 Lupo
924 790 1030 860 scripsi.
1058 791 1149 845 libro

137 862 210 917 Flor.
239 861 295 916 arf.
324 860 411 915 Paris.
439 861 585 930 Rhenaug.
619 861 691 915 alter
722 864 795 915 teste
822 861 936 916 Baitero
963 862 1043 916 ludo
1071 861 1149 916 Leid.

137 933 209 987 Flos.
233 952 289 1004 mg.
313 932 495 988 Benedictob.
521 933 644 986 Indersd.
669 933 814 1002 Rhenaug.
838 950 879 1002 pr.
904 932 1058 1003 Salinburg.
1115 933 1150 986 in

138 1004 264 1058 Naeuii
282 1008 407 1073 poetae
425 1004 582 1058 ludorum
600 1003 794 1072 posteriore
813 1003 904 1057 libro
922 1004 1065 1058 Baehrens
1084 1021 1148 1058 ann.

136 1074 234 1144 philol.
252 1075 320 1129 1886
337 1093 364 1143 p.
379 1081 431 1128 405
448 1075 483 1128 ab
499 1075 575 1129 omni
588 1074 791 1144 probabilitate
806 1074 947 1129 aberrans.
975 1074 1039 1129 Nisi
1057 1075 1150 1144 ipsum

135 1147 236 1204 horum
263 1162 394 1199 versuum
418 1149 613 1216 argumentum
637 1149 682 1200 sat
705 1148 802 1214 aperte
824 1148 1001 1214 praetextam
1022 1145 1150 1200 fabulam

135 1216 301 1340 indicaiet,d
319 1216 457 1286 palliatae
489 1217 590 1270 titulus
618 1217 732 1271 Ludus
762 1217 990 1286 interpretandus
1018 1217 1150 1271 nimirum

137 1291 212 1342 esset
258 1308 276 1358 y
307 1305 352 1342 ue.

132 1435 135 1440 -
208 1398 367 1451 lucstram
389 1411 448 1449 rem
471 1416 505 1462 ω,
529 1397 689 1466 transposui
760 1395 829 1449 cedo
852 1395 1078 1464 rempublicam
1101 1395 1149 1463 qui

136 1470 260 1520 uestram
285 1469 397 1522 tantam
420 1465 530 1520 amistis
553 1469 613 1519 tam
636 1467 692 1520 cito
717 1467 838 1536 Koechly
862 1466 929 1520 cedo
954 1466 1003 1534 qui
1025 1469 1164 1520 uestram·

134 1538 279 1607 publicam
306 1554 366 1592 rem
392 1540 504 1591 tantam
531 1537 641 1591 amistis
668 1540 689 1591 t.
718 1554 740 1592 c.
760 1538 830 1591 Buc.
884 1539 962 1592 Iutcr
980 1540 1102 1606 priorem
1124 1545 1150 1592 et

135 1611 251 1664 alterum
277 1627 383 1664 uersum
410 1611 545 1679 quaedam
566 1615 682 1678 possuut
704 1610 866 1678 lutcrposu'ta
887 1611 973 1676 surbac
1046 1615 1061 1662 2
1085 1626 1149 1678 pro-

134 1680 283 1736 uenientur
311 1685 354 1750 (ur
382 1681 444 1750 del.)
472 1681 562 1734 Paris.
639 1678 707 1733 noui
735 1682 764 1733 et
787 1680 878 1734 Paris.
902 1679 1013 1747 Erfurt.
1040 1679 1149 1749 nouip

149 1817 150 1822 ἵ
188 1752 257 1806 cedo
286 1750 340 1816 Qui
368 1758 394 1806 et
415 1750 625 1805 Proueniebant
647 1769 672 1806 o.
695 1749 776 1819 noui,
806 1749 887 1804 stulti
910 1751 955 1805 ad.
982 1753 1150 1806 commcuclat

135 1823 368 1878 OFWMuellcr:
387 1823 450 1877 item
468 1825 652 1892 scptcuurluru
669 1821 858 1892 prbuenibant
874 1839 894 1876 e.
915 1841 938 1891 q.
958 1839 978 1875 s.
1017 1824 1150 1877 suadebat

135 1894 341 1960 Fleckelscuus;
368 1895 414 1948 scel
442 1895 615 1948 duriusculos
641 1911 767 1948 uuaueros
789 1894 944 1948 tolerandos
966 1909 1020 1947 csse
1039 1895 1148 1962 putaui,

133 1971 159 2019 ct
181 1965 296 2032 fortusse
314 1965 453 2032 adfectata
471 1967 604 2034 pravitate
623 1965 758 2019 leuitatem
776 1965 1040 2018 adcllesccutuloruru
1058 1965 1147 2018 ridere

57 2059 59 2063 ·
132 2037 219 2090 uolut
232 2042 327 2104 poeta:
347 2042 463 2089 ceterum
480 2037 563 2089 tuitio
581 2052 605 2089 u.
625 2037 686 2088 tum
704 2036 840 2104 suppleuit
859 2034 1037 2089 Hermauuus

494 2223 538 2328 o.
571 2222 787 2310 aurive

535 2396 746 2456 AMBRAOIA

204 2492 459 2582 luter—praetextas
478 2513 584 2582 primus
603 2513 709 2566 rettuli.

540 2683 543 2687 -
629 2647 645 2704 I

133 2746 222 2812 'Esse
245 2771 303 2833 per
325 2749 437 2834 gentes
461 2746 589 2812 cluebat
612 2747 756 2811 omnium
779 2747 986 2814 miserrimus.

105 2925 109 2938 Ι
191 2869 313 2966 ,Nonius
331 2888 359 2938 p.
374 2873 421 2937 88,
438 2874 451 2923 1
478 2868 599 2938 ‘cluet,
623 2867 785 2922 nominatur
801 2912 805 2921 .
819 2912 823 2922 .
837 2912 842 2922 .
857 2867 963 2922 Ennius
984 2868 1145 2924 Ambratia:

134 2957 184 3010 per
219 2957 242 2995 e.
263 2959 288 3008 q.
310 2959 330 2996 s.

205 3054 254 3106 per
281 3041 379 3108 gentes
403 3053 464 3091 esse
487 3057 509 3090 ω
536 3053 586 3105 per
609 3040 708 3108 gentes
732 3036 817 3090 Asiae
841 3037 903 3092 Rue
929 3036 1074 3090 hominum
1096 3053 1147 3106 per

133 3111 233 3196 gentes
252 3109 388 3180 Beryllus
623 3188 654 3246 Π

134 3287 221 3352 Bene
248 3310 373 3373 monesi,
401 3294 471 3354 tute
499 3288 568 3373 ipse
596 3293 726 3354 cunctas
754 3291 858 3353 caute:
886 3311 905 3354 o
931 3289 1004 3354 uide
1027 3289 1145 3352 fortem

771 3395 891 3460 uirum!

205 3506 314 3570 Nonius
332 3525 359 3576 p.
375 3513 440 3576 469,
456 3514 489 3562 25
520 3509 700 3562 ‘cunctant
722 3524 772 3577 pro
799 3510 967 3563 cunctantur
982 3505 1144 3563 ..Ennius

134 3577 309 3634 Anbrachia:
328 3578 416 3632 bene'
436 3595 459 3634 e.
479 3597 504 3646 q.
526 3597 546 3633 s.

931 3669 983 3722 21*
