2644 3982
168 210 232 274 258
584 207 614 260 1.
634 206 760 262 Aoows

167 372 237 424 hacc
256 372 285 424 ot
302 369 355 422 hoo
374 385 432 438 ops
447 369 476 422 et
490 384 556 436 cops
569 383 621 436 pro
636 365 784 434 opulentus
799 367 828 419 ot
842 364 971 434 copiosus
986 365 1175 435 proferebant.

144 481 145 484 η
168 441 290 495 Accius
310 440 348 493 ds
367 438 512 493 Hercule
532 437 662 492 dicens:
682 438 836 504 quorum’
858 453 881 490 c.
896 455 922 504 q.
938 455 958 491 s.
996 439 1073 507 ‘pro:
1093 453 1175 506 opem
1312 473 1313 504 3

131 553 134 572 ἢ
158 513 258 566 ¹ferens
278 513 307 565 et
325 509 461 564 auxilium
479 508 619 578 gentibus.
653 507 692 560 sic
712 506 836 576 Caper)
875 507 919 562 Ad
936 507 1102 562 Heraclidas
1120 507 1174 562 hoc
1312 543 1313 548 κ

167 587 202 648 ot¹
216 599 333 650 sequens
351 581 393 649 fr.,
412 581 481 634 item
498 580 550 634 XV
569 577 674 633 rettuli.
1312 549 1313 630 1

626 701 712 760 XVII

114 805 214 876 610111
236 807 345 870 monte
368 783 628 888 Οο11111ο<111111>
651 803 769 867 inlatae
792 805 961 888 limpsdes

577 909 768 994 *ἧς*

167 1067 349 1082 .....
386 1017 421 1080 in
445 1017 574 1082 domum
598 1017 760 1080 ootcmtm
783 1017 885 1100 patris

236 1129 331 1183 Cicero
351 1129 385 1182 de
403 1131 461 1182 nat.
481 1129 555 1182 deor.
570 1129 608 1180 ΙΠ
624 1135 664 1195 16,
679 1134 711 1181 41
734 1129 885 1196 ‘quomodo
902 1145 977 1181 nunc
991 1129 1106 1198 quidem
1120 1134 1172 1199 ost,

164 1217 221 1255 non
244 1200 340 1268 uideo,
363 1217 418 1267 quo
442 1202 525 1270 pacto
548 1198 610 1264 ille,
634 1199 679 1252 cui
702 1199 736 1253 in
756 1202 868 1253 monto
889 1199 1016 1254 Oetaeo
1035 1200 1173 1256 inlatae

164 1272 340 1340 lampades
367 1271 493 1339 fuerunt,
521 1274 553 1324 ut
578 1270 621 1324 ait
644 1268 756 1338 Accius,
784 1270 819 1324 in
842 1271 972 1324 domum
996 1275 1174 1327 aeternum

163 1342 275 1412 patris
294 1359 328 1396 ex
345 1341 396 1395 illo
416 1342 514 1395 ardore
531 1342 710 1411 peruenerit’

237 1446 250 1492 1
270 1442 397 1493 mootoco
416 1439 494 1492 Letd.
514 1440 541 1492 A
560 1441 620 1493 Eri.
641 1441 701 1493 Pol.
722 1441 835 1494 Vindob.
855 1443 965 1494 mctseo
985 1441 1063 1496 Leiu.
1078 1441 1106 1494 B
1125 1445 1174 1510 (αα

163 1511 194 1564 in
210 1512 336 1564 montem
355 1509 518 1579 Ostscumt)
575 1509 720 1564 Ouesuoam
735 1519 798 1578 pust
817 1510 921 1564 Oetaeo
940 1514 1028 1566 suasit
1046 1512 1108 1566 Boe

635 1642 704 1700 XIX

164 1730 317 1812 scinde'ns
341 1741 450 1807 dolore
473 1742 646 1806 idcntidcm
670 1743 831 1807 intonsum
855 1765 979 1809 comum

234 1853 329 1910 Cicero
352 1854 433 1909 Tusc.
458 1853 528 1923 disp.
548 1855 587 1908 ΙΠ
601 1861 647 1922 26,
663 1860 696 1908 62
726 1856 776 1908 ‘cx
798 1855 851 1908 hac
875 1855 1006 1924 opinione
1030 1860 1095 1911 sunt
1114 1856 1170 1911 ills

162 1924 242 1979 utria
261 1927 290 1979 ot
308 1925 490 1979 detestabilia
508 1941 611 1994 genero
629 1925 744 1995 lugendi
761 1925 882 1979 ...hinc
900 1925 949 1980 ille
964 1927 1170 1996 Agamemno

162 1996 325 2050 Homericus
353 1999 382 2051 ct
408 1996 483 2050 idom
510 1996 663 2051 Accianus:
692 1995 869 2050 scindens’
896 2013 919 2052 e.
938 2015 965 2066 q.
985 2015 1006 2053 s.
1050 1998 1169 2054 Conluto

161 2067 274 2121 Homeri
303 2084 336 2122 ex
354 2066 486 2122 iliadoX
511 2085 536 2120 1.
558 2074 590 2122 15
617 2065 720 2130 scottice
747 2062 778 2121 ἐν
805 2072 929 2136 κεφαλῆς
955 2071 1171 2141 προθελύμνους

162 2137 255 2193 ἕλκετο
273 2136 371 2209 χαίτας
388 2139 561 2192 Duentzerus
579 2138 779 2208 Nyctegresise
798 2139 930 2193 restituit.

638 2271 692 2328 XX

102 2390 158 2437 1115
203 2369 335 2456 Iamque
358 2376 506 2435 aurorum
529 2372 662 2434 rutiltrc
681 2371 794 2454 procul

207 2477 309 2543 Coruo

230 2591 319 2644 Varro
338 2589 372 2642 do
391 2589 408 2644 1,
428 2589 446 2642 1.
461 2589 513 2644 VII
527 2594 560 2642 83
574 2590 611 2644 M.
651 2589 741 2658 ‘opud
759 2589 887 2645 Accium:
906 2589 1035 2658 iamquc’
1056 2609 1078 2647 c.
1099 2611 1124 2661 q.
1143 2612 1167 2648 s.
1236 2609 1239 2615 '

162 2664 299 2716 ‘aurora
324 2659 427 2714 dicitur
450 2663 515 2714 onte
539 2660 606 2714 solis
631 2663 735 2726 ortum,
760 2661 796 2714 sb
820 2677 853 2715 οο
872 2663 948 2730 quod
967 2662 1002 2716 ab
1021 2662 1082 2732 igni
1100 2663 1167 2718 solis
1278 2687 1279 2692 ¹

158 2737 219 2787 tum
238 2749 322 2786 aureo
341 2735 390 2786 atr
408 2730 537 2786 aurescit.
571 2731 651 2796 Quod
670 2730 752 2784 addit
769 2730 930 2800 rutilare,
951 2736 994 2787 est
1012 2734 1049 2788 sb
1068 2734 1167 2790 eodem

159 2803 263 2871 coloro3
289 2802 365 2856 aurei
389 2802 464 2855 onim
484 2801 576 2870 rutili,
600 2804 629 2854 et
646 2801 712 2855 inde
731 2801 818 2856 ctiam
837 2802 967 2858 mulieres
987 2805 1071 2859 ualde
1089 2806 1168 2860 rufae

158 2874 261 2928 rutilae
289 2873 401 2926 dictae!
440 2872 619 2942 comparavit
641 2873 761 2926 Vaterus
790 2873 867 2928 chori
889 2873 919 2928 in
942 2874 1034 2930 Rheso
1057 2896 1083 2931 v.
1103 2883 1167 2932 535:

159 2946 217 3008 ἀὼς
235 2945 270 3014 δὴ
289 2945 375 3007 πέλας
394 2945 450 3007 ἀὼς
469 2941 600 3014 Γίγνεται
619 2965 642 2998 ν.
657 2962 679 2998 τ,
696 2948 717 2998 λ.

626 3076 696 3134 XXI

158 3147 250 3242 Vudc
274 3178 363 3262 e‘stis,
385 3182 501 3242 nautae
508 3230 517 3260 ,
540 3177 603 3241 huc
626 3153 731 3241 hienis
756 3177 874 3242 delati?
911 3231 917 3242 .
956 3232 962 3243 .
1002 3230 1008 3244 .

228 3289 341 3345 Servius
363 3290 434 3344 Dan.
458 3289 488 3342 in
510 3291 578 3343 Aen.
599 3290 611 3343 I
631 3295 682 3343 122
713 3288 833 3343 ‘hiems
857 3291 927 3345 duas
950 3308 994 3346 res
1018 3293 1168 3364 significat,

158 3364 208 3415 aut
234 3365 345 3432 tempus
369 3363 419 3415 aut
441 3360 499 3414 uim
522 3360 613 3428 uenti,
641 3377 798 3430 perquam
822 3361 911 3415 oritur
933 3365 1086 3432 tempestus
1103 3409 1108 3418 .
1126 3410 1131 3420 .
1148 3367 1166 3419 .’

157 3433 231 3502 Apte
259 3448 402 3502 compares
430 3447 464 3486 ox
489 3431 635 3501 Sophoclis
658 3431 819 3485 Philocteta
838 3451 868 3486 v:
884 3439 935 3486 220
958 3432 1032 3498 τίνες
1054 3434 1118 3490 ποτ’
1140 3436 1168 3499 ἐς

157 3513 211 3573 γῆν
233 3505 317 3574 τήνδε
340 3501 459 3576 ναυτίλῳ
482 3503 571 3573 πλάτῃ
591 3501 741 3572 Κατέσχετ’
768 3500 827 3556 οὔτ’
855 3503 974 3574 εὔορμον
993 3503 1051 3560 οὔτ’
1074 3507 1168 3562 οἰκον-

158 3575 259 3646 1111111
