<?xml version="1.0" encoding="UTF-8"?>
<!DOCTYPE html PUBLIC "-//W3C//DTD XHTML 1.0 Transitional//EN"
    "http://www.w3.org/TR/xhtml1/DTD/xhtml1-transitional.dtd">
<html xmlns="http://www.w3.org/1999/xhtml" xml:lang="en" lang="en">
 <head>
  <title>
</title>
<meta http-equiv="Content-Type" content="text/html;charset=utf-8" />
  <meta name='ocr-system' content='tesseract 3.04.00' />
  <meta name='ocr-capabilities' content='ocr_page ocr_carea ocr_par ocr_line ocrx_word'/>
</head>
<body>
  <div class='ocr_page' id='page_1' title='image "./scaenicaeromano06ribbgoog_0165.png"; bbox 0 0 2662 3978; ppageno 0'>
   <div class='ocr_carea' id='block_1_1' title="bbox 69 836 406 901">
    <p class='ocr_par' dir='ltr' id='par_1_1' title="bbox 69 836 406 901">
     <span class='ocr_line' id='line_1_1' title="bbox 69 836 406 901; baseline 0.006 -2"><span class='ocrx_word' id='word_1_1' title='bbox 69 869 71 874; x_wconf 96' lang='lat'>·</span> <span class='ocrx_word' id='word_1_2' title='bbox 155 893 158 899; x_wconf 91' lang='lat'>.</span> <span class='ocrx_word' id='word_1_3' title='bbox 205 836 406 901; x_wconf 66' lang='lat' dir='ltr'><strong>continetur?</strong></span> 
     </span>
    </p>
   </div>
   <div class='ocr_carea' id='block_1_2' title="bbox 208 247 825 313">
    <p class='ocr_par' dir='ltr' id='par_1_2' title="bbox 208 247 825 313">
     <span class='ocr_line' id='line_1_2' title="bbox 208 247 825 313; baseline 0.005 -12"><span class='ocrx_word' id='word_1_4' title='bbox 208 249 272 313; x_wconf 79' lang='lat'><strong>150</strong></span> <span class='ocrx_word' id='word_1_5' title='bbox 436 281 439 286; x_wconf 29' lang='lat' dir='ltr'>n</span> <span class='ocrx_word' id='word_1_6' title='bbox 590 249 628 302; x_wconf 89' lang='lat' dir='ltr'><strong>M.</strong></span> <span class='ocrx_word' id='word_1_7' title='bbox 646 247 825 304; x_wconf 81' lang='lat' dir='ltr'>PACVVIVS</span> 
     </span>
    </p>
   </div>
   <div class='ocr_carea' id='block_1_3' title="bbox 142 401 1213 818">
    <p class='ocr_par' dir='ltr' id='par_1_3' title="bbox 142 401 1213 818">
     <span class='ocr_line' id='line_1_3' title="bbox 205 401 1213 497; baseline 0.001 -21"><span class='ocrx_word' id='word_1_8' title='bbox 205 401 369 497; x_wconf 85' lang='lat' dir='ltr'><strong>Vergilius</strong></span> <span class='ocrx_word' id='word_1_9' title='bbox 392 412 550 496; x_wconf 89' lang='lat' dir='ltr'><strong>sequitur,</strong></span> <span class='ocrx_word' id='word_1_10' title='bbox 573 410 648 475; x_wconf 91' lang='lat' dir='ltr'><strong>licet</strong></span> <span class='ocrx_word' id='word_1_11' title='bbox 671 412 768 476; x_wconf 91' lang='lat' dir='ltr'><strong>etiam</strong></span> <span class='ocrx_word' id='word_1_12' title='bbox 791 412 880 476; x_wconf 90' lang='lat' dir='ltr'><strong>illam</strong></span> <span class='ocrx_word' id='word_1_13' title='bbox 903 411 1073 496; x_wconf 79' lang='lat' dir='ltr'><strong>praelibet,</strong></span> <span class='ocrx_word' id='word_1_14' title='bbox 1096 415 1132 476; x_wconf 91' lang='lat' dir='ltr'><strong>ut</strong></span> <span class='ocrx_word' id='word_1_15' title='bbox 1155 434 1213 477; x_wconf 90' lang='lat' dir='ltr'><strong>suo</strong></span> 
     </span>
     <span class='ocr_line' id='line_1_4' title="bbox 205 515 1213 605; baseline 0 -23"><span class='ocrx_word' id='word_1_16' title='bbox 205 517 418 582; x_wconf 81' lang='lat' dir='ltr'><strong>indicabimus</strong></span> <span class='ocrx_word' id='word_1_17' title='bbox 440 515 546 583; x_wconf 75' lang='lat' dir='ltr'><strong>loco.’&#39;</strong></span> <span class='ocrx_word' id='word_1_18' title='bbox 569 516 659 602; x_wconf 86' lang='lat' dir='ltr'>Idem</span> <span class='ocrx_word' id='word_1_19' title='bbox 682 519 717 582; x_wconf 89' lang='lat' dir='ltr'><strong>in</strong></span> <span class='ocrx_word' id='word_1_20' title='bbox 739 516 818 584; x_wconf 77' lang='lat' dir='ltr'><strong>Aen.</strong></span> <span class='ocrx_word' id='word_1_21' title='bbox 837 517 953 582; x_wconf 80' lang='lat'><strong>11557</strong></span> <span class='ocrx_word' id='word_1_22' title='bbox 979 518 1079 582; x_wconf 75' lang='lat' dir='ltr'><strong>‘iacet</strong></span> <span class='ocrx_word' id='word_1_23' title='bbox 1100 518 1213 605; x_wconf 85' lang='lat' dir='ltr'><strong>ingens</strong></span> 
     </span>
     <span class='ocr_line' id='line_1_5' title="bbox 205 607 1213 709; baseline 0 -21"><span class='ocrx_word' id='word_1_24' title='bbox 205 607 300 688; x_wconf 88' lang='lat' dir='ltr'><strong>litore</strong></span> <span class='ocrx_word' id='word_1_25' title='bbox 332 623 478 708; x_wconf 90' lang='lat' dir='ltr'><strong>truncus]</strong></span> <span class='ocrx_word' id='word_1_26' title='bbox 511 624 597 708; x_wconf 92' lang='lat' dir='ltr'><strong>quod</strong></span> <span class='ocrx_word' id='word_1_27' title='bbox 630 627 737 688; x_wconf 89' lang='lat' dir='ltr'><strong>autem</strong></span> <span class='ocrx_word' id='word_1_28' title='bbox 770 625 848 688; x_wconf 90' lang='lat' dir='ltr'><strong>dicit</strong></span> <span class='ocrx_word' id='word_1_29' title='bbox 879 624 1010 709; x_wconf 89' lang='lat' dir='ltr'><strong>litore,</strong></span> <span class='ocrx_word' id='word_1_30' title='bbox 1046 623 1139 709; x_wconf 89' lang='lat' dir='ltr'><strong>illud,</strong></span> <span class='ocrx_word' id='word_1_31' title='bbox 1176 629 1213 688; x_wconf 90' lang='lat' dir='ltr'><strong>ut</strong></span> 
     </span>
     <span class='ocr_line' id='line_1_6' title="bbox 142 728 1213 818; baseline 0 -24"><span class='ocrx_word' id='word_1_32' title='bbox 142 807 144 812; x_wconf 17' lang='grc' dir='ltr'>ι</span> <span class='ocrx_word' id='word_1_33' title='bbox 205 728 475 815; x_wconf 84' lang='lat' dir='ltr'><strong>supradiximus,</strong></span> <span class='ocrx_word' id='word_1_34' title='bbox 499 731 643 816; x_wconf 79' lang='lat' dir='ltr'><strong>respicit,</strong></span> <span class='ocrx_word' id='word_1_35' title='bbox 667 731 752 815; x_wconf 91' lang='lat' dir='ltr'><strong>quod</strong></span> <span class='ocrx_word' id='word_1_36' title='bbox 774 731 809 795; x_wconf 93' lang='lat' dir='ltr'><strong>in</strong></span> <span class='ocrx_word' id='word_1_37' title='bbox 831 729 991 798; x_wconf 83' lang='lat' dir='ltr'><strong>Pacuuii</strong></span> <span class='ocrx_word' id='word_1_38' title='bbox 1015 731 1213 818; x_wconf 78' lang='lat' dir='ltr'><strong>tragoedia</strong></span> 
     </span>
    </p>
   </div>
   <div class='ocr_carea' id='block_1_4' title="bbox 203 945 1317 1348">
    <p class='ocr_par' dir='ltr' id='par_1_4' title="bbox 548 945 1095 1007">
     <span class='ocr_line' id='line_1_7' title="bbox 548 945 1095 1007; baseline -0.015 -1"><span class='ocrx_word' id='word_1_39' title='bbox 548 955 550 958; x_wconf 81' lang='grc'><strong>’</strong></span> <span class='ocrx_word' id='word_1_40' title='bbox 645 949 771 1007; x_wconf 87' lang='lat' dir='ltr'>XXXIV</span> <span class='ocrx_word' id='word_1_41' title='bbox 863 945 865 949; x_wconf 69' lang='grc'>’</span> <span class='ocrx_word' id='word_1_42' title='bbox 1093 992 1095 998; x_wconf 95' lang='grc'>.</span> 
     </span>
    </p>

    <p class='ocr_par' dir='ltr' id='par_1_5' title="bbox 203 1047 1317 1348">
     <span class='ocr_line' id='line_1_8' title="bbox 271 1047 1317 1143; baseline 0.001 -29"><span class='ocrx_word' id='word_1_43' title='bbox 271 1049 400 1114; x_wconf 84' lang='lat' dir='ltr'><strong>Servius</strong></span> <span class='ocrx_word' id='word_1_44' title='bbox 424 1051 457 1113; x_wconf 93' lang='lat' dir='ltr'><strong>in</strong></span> <span class='ocrx_word' id='word_1_45' title='bbox 480 1047 559 1114; x_wconf 83' lang='lat' dir='ltr'><strong>Aen.</strong></span> <span class='ocrx_word' id='word_1_46' title='bbox 579 1047 643 1113; x_wconf 88' lang='lat' dir='ltr'><strong>VH</strong></span> <span class='ocrx_word' id='word_1_47' title='bbox 661 1050 726 1116; x_wconf 79' lang='lat'><strong>320</strong></span> <span class='ocrx_word' id='word_1_48' title='bbox 751 1050 897 1143; x_wconf 77' lang='lat' dir='ltr'><strong>‘Cisseist</strong></span> <span class='ocrx_word' id='word_1_49' title='bbox 915 1052 1034 1138; x_wconf 81' lang='lat' dir='ltr'><strong>&#39;regina</strong></span> <span class='ocrx_word' id='word_1_50' title='bbox 1057 1050 1212 1116; x_wconf 89' lang='lat' dir='ltr'><strong>Hecuba</strong></span> <span class='ocrx_word' id='word_1_51' title='bbox 1315 1103 1317 1108; x_wconf 92' lang='lat'><em>.</em></span> 
     </span>
     <span class='ocr_line' id='line_1_9' title="bbox 204 1154 1214 1256; baseline 0.002 -37"><span class='ocrx_word' id='word_1_52' title='bbox 204 1156 290 1219; x_wconf 88' lang='lat' dir='ltr'><strong>filia</strong></span> <span class='ocrx_word' id='word_1_53' title='bbox 326 1155 500 1220; x_wconf 89' lang='lat' dir='ltr'><strong>secundum</strong></span> <span class='ocrx_word' id='word_1_54' title='bbox 533 1154 722 1256; x_wconf 82' lang='lat' dir='ltr'><strong>Euripidem</strong></span> <span class='ocrx_word' id='word_1_55' title='bbox 756 1155 847 1243; x_wconf 85' lang='lat' dir='ltr'><strong>(Hoc.</strong></span> <span class='ocrx_word' id='word_1_56' title='bbox 876 1154 911 1243; x_wconf 83' lang='lat'><strong>3)</strong></span> <span class='ocrx_word' id='word_1_57' title='bbox 945 1155 1079 1241; x_wconf 80' lang='lat' dir='ltr'><strong>Cissei,</strong></span> <span class='ocrx_word' id='word_1_58' title='bbox 1117 1179 1214 1240; x_wconf 91' lang='lat' dir='ltr'><strong>quem·</strong></span> 
     </span>
     <span class='ocr_line' id='line_1_10' title="bbox 203 1260 1212 1348; baseline 0.002 -23"><span class='ocrx_word' id='word_1_59' title='bbox 203 1261 328 1326; x_wconf 84' lang='lat' dir='ltr'><strong>Ennius</strong></span> <span class='ocrx_word' id='word_1_60' title='bbox 352 1265 384 1326; x_wconf 92' lang='lat' dir='ltr'><strong>et</strong></span> <span class='ocrx_word' id='word_1_61' title='bbox 400 1260 562 1326; x_wconf 90' lang='lat' dir='ltr'><strong>Pacuuius</strong></span> <span class='ocrx_word' id='word_1_62' title='bbox 581 1266 613 1326; x_wconf 91' lang='lat' dir='ltr'><strong>et</strong></span> <span class='ocrx_word' id='word_1_63' title='bbox 626 1261 791 1348; x_wconf 86' lang='lat' dir='ltr'><strong>Vergilius</strong></span> <span class='ocrx_word' id='word_1_64' title='bbox 808 1263 1006 1348; x_wconf 65' lang='lat' dir='ltr'><strong>sequuntur?</strong></span> <span class='ocrx_word' id='word_1_65' title='bbox 1042 1262 1089 1327; x_wconf 75' lang='lat' dir='ltr'><strong>df.</strong></span> <span class='ocrx_word' id='word_1_66' title='bbox 1108 1262 1212 1328; x_wconf 86' lang='lat' dir='ltr'><strong>Iliona</strong></span> 
     </span>
    </p>
   </div>
   <div class='ocr_carea' id='block_1_5' title="bbox 202 1428 1282 1720">
    <p class='ocr_par' dir='ltr' id='par_1_6' title="bbox 202 1428 1282 1720">
     <span class='ocr_line' id='line_1_11' title="bbox 588 1428 764 1485; baseline 0 -1"><span class='ocrx_word' id='word_1_67' title='bbox 588 1453 593 1466; x_wconf 83' lang='lat'><strong>·</strong></span> <span class='ocrx_word' id='word_1_68' title='bbox 654 1428 764 1485; x_wconf 87' lang='lat' dir='ltr'>XXXV</span> 
     </span>
     <span class='ocr_line' id='line_1_12' title="bbox 202 1516 1282 1610; baseline 0.003 -20"><span class='ocrx_word' id='word_1_69' title='bbox 202 1525 280 1591; x_wconf 77' lang='lat' dir='ltr'><strong>Post</strong></span> <span class='ocrx_word' id='word_1_70' title='bbox 309 1549 404 1610; x_wconf 86' lang='lat' dir='ltr'><strong>quam</strong></span> <span class='ocrx_word' id='word_1_71' title='bbox 432 1527 597 1591; x_wconf 76' lang='lat' dir='ltr'><strong>calamitas</strong></span> <span class='ocrx_word' id='word_1_72' title='bbox 624 1516 804 1610; x_wconf 77' lang='lat' dir='ltr'><strong>complures</strong></span> <span class='ocrx_word' id='word_1_73' title='bbox 831 1529 932 1593; x_wconf 75' lang='lat' dir='ltr'><strong>annos</strong></span> <span class='ocrx_word' id='word_1_74' title='bbox 957 1551 1050 1593; x_wconf 85' lang='lat' dir='ltr'><strong>eruas</strong></span> <span class='ocrx_word' id='word_1_75' title='bbox 1073 1530 1212 1595; x_wconf 75' lang='lat' dir='ltr'><strong>adluitur</strong></span> <span class='ocrx_word' id='word_1_76' title='bbox 1277 1545 1282 1554; x_wconf 90' lang='lat'>&#39;</span> 
     </span>
     <span class='ocr_line' id='line_1_13' title="bbox 273 1643 1230 1720; baseline 0.006 -20"><span class='ocrx_word' id='word_1_77' title='bbox 273 1647 470 1715; x_wconf 75' lang='lat' dir='ltr'><strong>Non.192,30</strong></span> <span class='ocrx_word' id='word_1_78' title='bbox 491 1648 865 1706; x_wconf 86' lang='lat' dir='ltr'><strong>‘arua...feminino...’</strong></span> <span class='ocrx_word' id='word_1_79' title='bbox 894 1649 971 1704; x_wconf 88' lang='lat' dir='ltr'><strong>Medi</strong></span> <span class='ocrx_word' id='word_1_80' title='bbox 989 1650 1110 1704; x_wconf 87' lang='lat' dir='ltr'><strong>frustum</strong></span> <span class='ocrx_word' id='word_1_81' title='bbox 1125 1643 1230 1720; x_wconf 53' lang='lat' dir='ltr'><strong>agno?</strong></span> 
     </span>
    </p>
   </div>
   <div class='ocr_carea' id='block_1_6' title="bbox 121 1717 552 1773">
    <p class='ocr_par' dir='ltr' id='par_1_7' title="bbox 121 1717 552 1773">
     <span class='ocr_line' id='line_1_14' title="bbox 121 1717 552 1773; baseline 0.007 -3"><span class='ocrx_word' id='word_1_82' title='bbox 121 1731 123 1736; x_wconf 88' lang='lat'>·</span> <span class='ocrx_word' id='word_1_83' title='bbox 204 1735 280 1771; x_wconf 88' lang='lat' dir='ltr'><strong>scere</strong></span> <span class='ocrx_word' id='word_1_84' title='bbox 298 1717 368 1770; x_wconf 90' lang='lat' dir='ltr'><strong>mihi</strong></span> <span class='ocrx_word' id='word_1_85' title='bbox 385 1717 463 1772; x_wconf 86' lang='lat' dir='ltr'><strong>risus</strong></span> <span class='ocrx_word' id='word_1_86' title='bbox 483 1735 552 1773; x_wconf 90' lang='lat' dir='ltr'><strong>sum.</strong></span> 
     </span>
    </p>
   </div>
   <div class='ocr_carea' id='block_1_7' title="bbox 273 1799 1051 1896">
    <p class='ocr_par' dir='ltr' id='par_1_8' title="bbox 273 1799 1051 1896">
     <span class='ocr_line' id='line_1_15' title="bbox 273 1799 1051 1896; baseline 0.008 -19"><span class='ocrx_word' id='word_1_87' title='bbox 273 1799 428 1894; x_wconf 88' lang='lat' dir='ltr'><strong>complures</strong></span> <span class='ocrx_word' id='word_1_88' title='bbox 447 1825 584 1896; x_wconf 70' lang='lat' dir='ltr'><strong>Berytius</strong></span> <span class='ocrx_word' id='word_1_89' title='bbox 601 1826 695 1896; x_wconf 84' lang='lat' dir='ltr'><strong>plures</strong></span> <span class='ocrx_word' id='word_1_90' title='bbox 715 1848 736 1880; x_wconf 86' lang='grc' dir='ltr'><strong><em>ω</em></strong></span> <span class='ocrx_word' id='word_1_91' title='bbox 754 1843 805 1896; x_wconf 91' lang='lat' dir='ltr'><strong>per</strong></span> <span class='ocrx_word' id='word_1_92' title='bbox 821 1801 915 1896; x_wconf 83' lang='lat' dir='ltr'><strong>plures</strong></span> <span class='ocrx_word' id='word_1_93' title='bbox 934 1828 1051 1883; x_wconf 77' lang='lat' dir='ltr'><strong>Boths&#39;us</strong></span> 
     </span>
    </p>
   </div>
   <div class='ocr_carea' id='block_1_8' title="bbox 199 1976 843 2164">
    <p class='ocr_par' dir='ltr' id='par_1_9' title="bbox 199 1976 843 2164">
     <span class='ocr_line' id='line_1_16' title="bbox 641 1976 843 2040; baseline 0.035 -6"><span class='ocrx_word' id='word_1_94' title='bbox 641 1976 766 2040; x_wconf 83' lang='lat' dir='ltr'>XXXVI</span> <span class='ocrx_word' id='word_1_95' title='bbox 828 1977 843 2012; x_wconf 88' lang='lat'><strong>·&#39;</strong></span> 
     </span>
     <span class='ocr_line' id='line_1_17' title="bbox 199 2075 842 2164; baseline 0.006 -25"><span class='ocrx_word' id='word_1_96' title='bbox 199 2075 331 2162; x_wconf 70' lang='lat' dir='ltr'><strong>Angues</strong></span> <span class='ocrx_word' id='word_1_97' title='bbox 354 2077 501 2162; x_wconf 79' lang='lat' dir='ltr'><strong>ingentes</strong></span> <span class='ocrx_word' id='word_1_98' title='bbox 524 2077 617 2142; x_wconf 75' lang='lat' dir='ltr'><strong>alites</strong></span> <span class='ocrx_word' id='word_1_99' title='bbox 640 2077 745 2142; x_wconf 83' lang='lat' dir='ltr'><strong>iuncti¹</strong></span> <span class='ocrx_word' id='word_1_100' title='bbox 765 2079 842 2164; x_wconf 83' lang='lat' dir='ltr'><strong>iugo</strong></span> 
     </span>
    </p>
   </div>
   <div class='ocr_carea' id='block_1_9' title="bbox 142 2197 1208 2693">
    <p class='ocr_par' dir='ltr' id='par_1_10' title="bbox 142 2197 1208 2693">
     <span class='ocr_line' id='line_1_18' title="bbox 270 2197 1207 2268; baseline 0.002 -16"><span class='ocrx_word' id='word_1_101' title='bbox 270 2197 365 2253; x_wconf 81' lang='lat' dir='ltr'><strong>Cicero</strong></span> <span class='ocrx_word' id='word_1_102' title='bbox 385 2198 419 2252; x_wconf 92' lang='lat' dir='ltr'><strong>de</strong></span> <span class='ocrx_word' id='word_1_103' title='bbox 438 2198 493 2252; x_wconf 88' lang='lat' dir='ltr'><strong>inv.</strong></span> <span class='ocrx_word' id='word_1_104' title='bbox 512 2199 581 2268; x_wconf 85' lang='lat'><strong>119,</strong></span> <span class='ocrx_word' id='word_1_105' title='bbox 597 2204 630 2252; x_wconf 77' lang='lat'><strong>27</strong></span> <span class='ocrx_word' id='word_1_106' title='bbox 651 2198 763 2252; x_wconf 79' lang='lat' dir='ltr'><strong>‘fabula</strong></span> <span class='ocrx_word' id='word_1_107' title='bbox 783 2201 838 2268; x_wconf 80' lang='lat' dir='ltr'><strong>est,</strong></span> <span class='ocrx_word' id='word_1_108' title='bbox 857 2199 888 2253; x_wconf 88' lang='lat' dir='ltr'><strong>in</strong></span> <span class='ocrx_word' id='word_1_109' title='bbox 901 2217 962 2268; x_wconf 87' lang='lat' dir='ltr'><strong>-qua</strong></span> <span class='ocrx_word' id='word_1_110' title='bbox 980 2215 1032 2253; x_wconf 90' lang='lat' dir='ltr'><strong>nec</strong></span> <span class='ocrx_word' id='word_1_111' title='bbox 1051 2215 1134 2254; x_wconf 83' lang='lat' dir='ltr'><strong>uerae</strong></span> <span class='ocrx_word' id='word_1_112' title='bbox 1154 2217 1207 2254; x_wconf 86' lang='lat' dir='ltr'><strong>nec</strong></span> 
     </span>
     <span class='ocr_line' id='line_1_19' title="bbox 199 2268 1208 2352; baseline 0.003 -31"><span class='ocrx_word' id='word_1_113' title='bbox 199 2268 259 2331; x_wconf 86' lang='lat' dir='ltr'><strong>ueri</strong></span> <span class='ocrx_word' id='word_1_114' title='bbox 287 2269 391 2350; x_wconf 83' lang='lat' dir='ltr'><strong>similes</strong></span> <span class='ocrx_word' id='word_1_115' title='bbox 419 2285 463 2323; x_wconf 89' lang='lat' dir='ltr'><strong>res</strong></span> <span class='ocrx_word' id='word_1_116' title='bbox 492 2269 682 2351; x_wconf 79' lang='lat' dir='ltr'><strong>continentur,</strong></span> <span class='ocrx_word' id='word_1_117' title='bbox 711 2269 867 2324; x_wconf 87' lang='lat' dir='ltr'><strong>cuiusmodi</strong></span> <span class='ocrx_word' id='word_1_118' title='bbox 894 2273 937 2324; x_wconf 88' lang='lat' dir='ltr'><strong>est</strong></span> <span class='ocrx_word' id='word_1_119' title='bbox 952 2314 957 2326; x_wconf 92' lang='lat'><strong><em>.</em></strong></span> <span class='ocrx_word' id='word_1_120' title='bbox 970 2272 1011 2352; x_wconf 62' lang='lat'>·.·’.</span> <span class='ocrx_word' id='word_1_121' title='bbox 1045 2270 1208 2326; x_wconf 87' lang='lat' dir='ltr'><strong>Victorinus</strong></span> 
     </span>
     <span class='ocr_line' id='line_1_20' title="bbox 142 2339 1208 2482; baseline 0.003 -28"><span class='ocrx_word' id='word_1_122' title='bbox 142 2449 145 2454; x_wconf 83' lang='grc'><strong>.</strong></span> <span class='ocrx_word' id='word_1_123' title='bbox 198 2339 509 2465; x_wconf 51' lang='lat' dir='ltr'><strong>{diffiditis</strong></span> <span class='ocrx_word' id='word_1_124' title='bbox 526 2340 626 2466; x_wconf 67' lang='lat' dir='ltr'><strong>{aa</strong></span> <span class='ocrx_word' id='word_1_125' title='bbox 642 2341 781 2480; x_wconf 58' lang='lat' dir='ltr'><strong>iliada,</strong></span> <span class='ocrx_word' id='word_1_126' title='bbox 805 2341 1208 2482; x_wconf 46' lang='lat' dir='ltr'><strong>{illationem</strong></span> 
     </span>
     <span class='ocr_line' id='line_1_21' title="bbox 198 2481 1205 2553; baseline 0.003 -18"><span class='ocrx_word' id='word_1_127' title='bbox 198 2481 275 2536; x_wconf 89' lang='lat' dir='ltr'><strong>modi</strong></span> <span class='ocrx_word' id='word_1_128' title='bbox 298 2485 341 2536; x_wconf 91' lang='lat' dir='ltr'><strong>est</strong></span> <span class='ocrx_word' id='word_1_129' title='bbox 363 2484 507 2552; x_wconf 83' lang='lat' dir='ltr'><strong>angues&#39;</strong></span> <span class='ocrx_word' id='word_1_130' title='bbox 527 2499 549 2537; x_wconf 91' lang='lat' dir='ltr'><strong>e.</strong></span> <span class='ocrx_word' id='word_1_131' title='bbox 570 2501 595 2551; x_wconf 92' lang='lat' dir='ltr'><strong>q.</strong></span> <span class='ocrx_word' id='word_1_132' title='bbox 616 2501 636 2538; x_wconf 90' lang='lat' dir='ltr'><strong>s.</strong></span> <span class='ocrx_word' id='word_1_133' title='bbox 674 2484 735 2536; x_wconf 92' lang='lat' dir='ltr'><strong>Huc</strong></span> <span class='ocrx_word' id='word_1_134' title='bbox 759 2485 885 2553; x_wconf 87' lang='lat' dir='ltr'><strong>spectare</strong></span> <span class='ocrx_word' id='word_1_135' title='bbox 909 2483 1070 2538; x_wconf 79' lang='lat' dir='ltr'><strong>Ciceronem</strong></span> <span class='ocrx_word' id='word_1_136' title='bbox 1094 2484 1129 2536; x_wconf 87' lang='lat' dir='ltr'><strong>de</strong></span> <span class='ocrx_word' id='word_1_137' title='bbox 1146 2500 1205 2553; x_wconf 87' lang='lat' dir='ltr'><strong>rep.</strong></span> 
     </span>
     <span class='ocr_line' id='line_1_22' title="bbox 197 2551 1207 2623; baseline 0.003 -18"><span class='ocrx_word' id='word_1_138' title='bbox 197 2552 283 2620; x_wconf 81' lang='lat'><strong>1119,</strong></span> <span class='ocrx_word' id='word_1_139' title='bbox 304 2558 338 2606; x_wconf 77' lang='grc'><strong>14</strong></span> <span class='ocrx_word' id='word_1_140' title='bbox 360 2551 501 2608; x_wconf 86' lang='lat' dir='ltr'><strong>intellexit</strong></span> <span class='ocrx_word' id='word_1_141' title='bbox 519 2554 551 2608; x_wconf 80' lang='lat' dir='ltr'><strong>A.</strong></span> <span class='ocrx_word' id='word_1_142' title='bbox 566 2553 671 2608; x_wconf 86' lang='lat' dir='ltr'><strong>Maius:</strong></span> <span class='ocrx_word' id='word_1_143' title='bbox 702 2555 786 2607; x_wconf 85' lang='lat' dir='ltr'><strong>‘nunc</strong></span> <span class='ocrx_word' id='word_1_144' title='bbox 810 2556 917 2623; x_wconf 88' lang='lat' dir='ltr'><strong>autem,</strong></span> <span class='ocrx_word' id='word_1_145' title='bbox 944 2553 968 2607; x_wconf 92' lang='lat' dir='ltr'><strong>si</strong></span> <span class='ocrx_word' id='word_1_146' title='bbox 992 2553 1054 2622; x_wconf 91' lang='lat' dir='ltr'><strong>quis</strong></span> <span class='ocrx_word' id='word_1_147' title='bbox 1073 2554 1124 2608; x_wconf 90' lang='lat' dir='ltr'><strong>illo</strong></span> <span class='ocrx_word' id='word_1_148' title='bbox 1143 2555 1207 2608; x_wconf 90' lang='lat' dir='ltr'><strong>Pa-</strong></span> 
     </span>
     <span class='ocr_line' id='line_1_23' title="bbox 198 2621 1206 2693; baseline 0.003 -17"><span class='ocrx_word' id='word_1_149' title='bbox 198 2622 321 2676; x_wconf 86' lang='lat' dir='ltr'><strong>cuiano</strong></span> <span class='ocrx_word' id='word_1_150' title='bbox 340 2621 508 2678; x_wconf 89' lang='lat' dir='ltr'><strong>inuehens</strong></span> <span class='ocrx_word' id='word_1_151' title='bbox 523 2624 646 2678; x_wconf 87' lang='lat' dir='ltr'><strong>alitum</strong></span> <span class='ocrx_word' id='word_1_152' title='bbox 661 2624 822 2693; x_wconf 86' lang='lat' dir='ltr'><strong>anguium</strong></span> <span class='ocrx_word' id='word_1_153' title='bbox 836 2641 939 2678; x_wconf 91' lang='lat' dir='ltr'><strong>curru·</strong></span> <span class='ocrx_word' id='word_1_154' title='bbox 948 2625 1053 2679; x_wconf 89' lang='lat' dir='ltr'><strong>multas</strong></span> <span class='ocrx_word' id='word_1_155' title='bbox 1068 2628 1097 2679; x_wconf 86' lang='lat' dir='ltr'><strong>et</strong></span> <span class='ocrx_word' id='word_1_156' title='bbox 1111 2626 1206 2680; x_wconf 89' lang='lat' dir='ltr'><strong>uarias</strong></span> 
     </span>
    </p>
   </div>
   <div class='ocr_carea' id='block_1_10' title="bbox 197 2695 1324 2766">
    <p class='ocr_par' dir='ltr' id='par_1_11' title="bbox 197 2695 1324 2766">
     <span class='ocr_line' id='line_1_24' title="bbox 197 2695 1324 2766; baseline 0.003 -19"><span class='ocrx_word' id='word_1_157' title='bbox 197 2696 295 2764; x_wconf 86' lang='lat' dir='ltr'><strong>gentes</strong></span> <span class='ocrx_word' id='word_1_158' title='bbox 315 2695 344 2747; x_wconf 86' lang='lat' dir='ltr'><strong>et</strong></span> <span class='ocrx_word' id='word_1_159' title='bbox 362 2695 444 2748; x_wconf 88' lang='lat' dir='ltr'><strong>urbes</strong></span> <span class='ocrx_word' id='word_1_160' title='bbox 464 2695 606 2764; x_wconf 87' lang='lat' dir='ltr'><strong>despicere</strong></span> <span class='ocrx_word' id='word_1_161' title='bbox 623 2698 654 2749; x_wconf 88' lang='lat' dir='ltr'><strong>et</strong></span> <span class='ocrx_word' id='word_1_162' title='bbox 673 2695 761 2749; x_wconf 87' lang='lat' dir='ltr'><strong>oculis</strong></span> <span class='ocrx_word' id='word_1_163' title='bbox 781 2695 953 2750; x_wconf 82' lang='lat' dir='ltr'><strong>conlustrare</strong></span> <span class='ocrx_word' id='word_1_164' title='bbox 971 2695 1082 2765; x_wconf 86' lang='lat' dir='ltr'><strong>possit.&#39;</strong></span> <span class='ocrx_word' id='word_1_165' title='bbox 1094 2727 1098 2740; x_wconf 92' lang='lat'>·</span> <span class='ocrx_word' id='word_1_166' title='bbox 1111 2697 1208 2766; x_wconf 86' lang='lat' dir='ltr'><strong>Augu·</strong></span> <span class='ocrx_word' id='word_1_167' title='bbox 1322 2725 1324 2738; x_wconf 84' lang='lat'><em>=</em></span> 
     </span>
    </p>
   </div>
   <div class='ocr_carea' id='block_1_11' title="bbox 195 2764 1209 3616">
    <p class='ocr_par' dir='ltr' id='par_1_12' title="bbox 195 2764 1209 3616">
     <span class='ocr_line' id='line_1_25' title="bbox 198 2764 1208 2836; baseline 0.004 -18"><span class='ocrx_word' id='word_1_168' title='bbox 198 2764 303 2818; x_wconf 90' lang='lat' dir='ltr'><strong>stinum</strong></span> <span class='ocrx_word' id='word_1_169' title='bbox 322 2765 442 2834; x_wconf 87' lang='lat' dir='ltr'><strong>denique</strong></span> <span class='ocrx_word' id='word_1_170' title='bbox 462 2765 577 2834; x_wconf 82' lang='lat' dir='ltr'><strong>Soliloq.</strong></span> <span class='ocrx_word' id='word_1_171' title='bbox 596 2767 727 2836; x_wconf 75' lang='lat' dir='ltr'><strong>H15,29</strong></span> <span class='ocrx_word' id='word_1_172' title='bbox 747 2767 845 2820; x_wconf 88' lang='lat' dir='ltr'><strong>eodem</strong></span> <span class='ocrx_word' id='word_1_173' title='bbox 862 2767 925 2822; x_wconf 94' lang='lat' dir='ltr'><strong>loco</strong></span> <span class='ocrx_word' id='word_1_174' title='bbox 943 2767 989 2821; x_wconf 89' lang='lat' dir='ltr'><strong>uti</strong></span> <span class='ocrx_word' id='word_1_175' title='bbox 1006 2767 1119 2821; x_wconf 87' lang='lat' dir='ltr'><strong>notavit</strong></span> <span class='ocrx_word' id='word_1_176' title='bbox 1140 2767 1208 2822; x_wconf 88' lang='lat' dir='ltr'><strong>Otto</strong></span> 
     </span>
     <span class='ocr_line' id='line_1_26' title="bbox 198 2834 1208 2906; baseline 0.003 -18"><span class='ocrx_word' id='word_1_177' title='bbox 198 2836 235 2889; x_wconf 86' lang='lat' dir='ltr'><strong>ab</strong></span> <span class='ocrx_word' id='word_1_178' title='bbox 254 2834 367 2889; x_wconf 86' lang='lat' dir='ltr'><strong>Osanno</strong></span> <span class='ocrx_word' id='word_1_179' title='bbox 386 2835 531 2892; x_wconf 84' lang='lat' dir='ltr'><strong>laudatus:</strong></span> <span class='ocrx_word' id='word_1_180' title='bbox 557 2838 629 2890; x_wconf 83' lang='lat' dir='ltr'><strong>‘non</strong></span> <span class='ocrx_word' id='word_1_181' title='bbox 648 2837 735 2906; x_wconf 89' lang='lat' dir='ltr'><strong>enim,</strong></span> <span class='ocrx_word' id='word_1_182' title='bbox 754 2854 818 2891; x_wconf 90' lang='lat' dir='ltr'><strong>cum</strong></span> <span class='ocrx_word' id='word_1_183' title='bbox 837 2837 941 2892; x_wconf 87' lang='lat' dir='ltr'><strong>dicitur</strong></span> <span class='ocrx_word' id='word_1_184' title='bbox 959 2837 1089 2891; x_wconf 88' lang='lat' dir='ltr'><strong>iunctis</strong></span> <span class='ocrx_word' id='word_1_185' title='bbox 1109 2837 1208 2898; x_wconf 85' lang='lat' dir='ltr'><strong>aliti-</strong></span> 
     </span>
     <span class='ocr_line' id='line_1_27' title="bbox 198 2906 1209 2978; baseline 0.005 -19"><span class='ocrx_word' id='word_1_186' title='bbox 198 2906 259 2960; x_wconf 90' lang='lat' dir='ltr'><strong>bus</strong></span> <span class='ocrx_word' id='word_1_187' title='bbox 287 2907 458 2976; x_wconf 82' lang='lat' dir='ltr'><strong>anguibus</strong></span> <span class='ocrx_word' id='word_1_188' title='bbox 486 2907 604 2962; x_wconf 84' lang='lat' dir='ltr'><strong>Medea</strong></span> <span class='ocrx_word' id='word_1_189' title='bbox 636 2906 785 2977; x_wconf 82' lang='lat' dir='ltr'><strong>uolasse,</strong></span> <span class='ocrx_word' id='word_1_190' title='bbox 818 2908 878 2962; x_wconf 88' lang='lat' dir='ltr'><strong>ulla</strong></span> <span class='ocrx_word' id='word_1_191' title='bbox 911 2925 945 2963; x_wconf 88' lang='lat' dir='ltr'><strong>ex</strong></span> <span class='ocrx_word' id='word_1_192' title='bbox 971 2911 1052 2978; x_wconf 89' lang='lat' dir='ltr'><strong>parte</strong></span> <span class='ocrx_word' id='word_1_193' title='bbox 1079 2925 1123 2963; x_wconf 89' lang='lat' dir='ltr'><strong>res</strong></span> <span class='ocrx_word' id='word_1_194' title='bbox 1152 2909 1209 2964; x_wconf 85' lang='lat' dir='ltr'><strong>ista</strong></span> 
     </span>
     <span class='ocr_line' id='line_1_28' title="bbox 197 2977 1207 3049; baseline 0.004 -19"><span class='ocrx_word' id='word_1_195' title='bbox 197 2993 294 3031; x_wconf 90' lang='lat' dir='ltr'><strong>uerum</strong></span> <span class='ocrx_word' id='word_1_196' title='bbox 313 2977 454 3049; x_wconf 84' lang='lat' dir='ltr'><strong>imitatur,¹</strong></span> <span class='ocrx_word' id='word_1_197' title='bbox 468 2979 573 3048; x_wconf 82' lang='lat' dir='ltr'><strong>quippe</strong></span> <span class='ocrx_word' id='word_1_198' title='bbox 592 2996 664 3047; x_wconf 87' lang='lat' dir='ltr'><strong>quae</strong></span> <span class='ocrx_word' id='word_1_199' title='bbox 682 2979 762 3033; x_wconf 90' lang='lat' dir='ltr'><strong>nulla</strong></span> <span class='ocrx_word' id='word_1_200' title='bbox 781 2979 818 3033; x_wconf 86' lang='lat' dir='ltr'><strong>sit</strong></span> <span class='ocrx_word' id='word_1_201' title='bbox 834 3024 910 3035; x_wconf 92' lang='grc'>.....</span> <span class='ocrx_word' id='word_1_202' title='bbox 924 2997 981 3034; x_wconf 92' lang='lat' dir='ltr'><strong>non</strong></span> <span class='ocrx_word' id='word_1_203' title='bbox 1000 2995 1066 3049; x_wconf 88' lang='lat' dir='ltr'><strong>ergo</strong></span> <span class='ocrx_word' id='word_1_204' title='bbox 1081 2979 1207 3034; x_wconf 86' lang='lat' dir='ltr'><strong>dicemus</strong></span> 
     </span>
     <span class='ocr_line' id='line_1_29' title="bbox 196 3047 1208 3118; baseline 0.005 -18"><span class='ocrx_word' id='word_1_205' title='bbox 196 3047 269 3102; x_wconf 89' lang='lat' dir='ltr'><strong>illud</strong></span> <span class='ocrx_word' id='word_1_206' title='bbox 292 3049 327 3103; x_wconf 87' lang='lat' dir='ltr'><strong>de</strong></span> <span class='ocrx_word' id='word_1_207' title='bbox 350 3049 450 3104; x_wconf 87' lang='lat' dir='ltr'><strong>Medea</strong></span> <span class='ocrx_word' id='word_1_208' title='bbox 472 3049 567 3104; x_wconf 86' lang='lat' dir='ltr'><strong>nescio</strong></span> <span class='ocrx_word' id='word_1_209' title='bbox 590 3051 665 3118; x_wconf 91' lang='lat' dir='ltr'><strong>quod</strong></span> <span class='ocrx_word' id='word_1_210' title='bbox 688 3053 843 3104; x_wconf 87' lang='lat' dir='ltr'><strong>monstrum</strong></span> <span class='ocrx_word' id='word_1_211' title='bbox 865 3051 969 3105; x_wconf 86' lang='lat' dir='ltr'><strong>falsum</strong></span> <span class='ocrx_word' id='word_1_212' title='bbox 988 3067 1048 3105; x_wconf 89' lang='lat' dir='ltr'><strong>esse</strong></span> <span class='ocrx_word' id='word_1_213' title='bbox 1064 3094 1069 3104; x_wconf 92' lang='lat'>.</span> <span class='ocrx_word' id='word_1_214' title='bbox 1086 3095 1091 3104; x_wconf 90' lang='lat'><strong>.</strong></span> <span class='ocrx_word' id='word_1_215' title='bbox 1108 3096 1113 3106; x_wconf 91' lang='lat'>.</span> <span class='ocrx_word' id='word_1_216' title='bbox 1129 3051 1208 3105; x_wconf 88' lang='lat' dir='ltr'><strong>itane</strong></span> 
     </span>
     <span class='ocr_line' id='line_1_30' title="bbox 196 3121 1208 3192; baseline 0.003 -19"><span class='ocrx_word' id='word_1_217' title='bbox 196 3121 313 3174; x_wconf 90' lang='lat' dir='ltr'><strong>tandem</strong></span> <span class='ocrx_word' id='word_1_218' title='bbox 332 3137 394 3173; x_wconf 89' lang='lat' dir='ltr'><strong>cum</strong></span> <span class='ocrx_word' id='word_1_219' title='bbox 414 3121 498 3176; x_wconf 89' lang='lat' dir='ltr'><strong>audio</strong></span> <span class='ocrx_word' id='word_1_220' title='bbox 518 3137 646 3190; x_wconf 87' lang='lat' dir='ltr'><strong>angues</strong></span> <span class='ocrx_word' id='word_1_221' title='bbox 665 3121 825 3190; x_wconf 89' lang='lat' dir='ltr'><strong>ingentes</strong></span> <span class='ocrx_word' id='word_1_222' title='bbox 842 3121 947 3176; x_wconf 87' lang='lat' dir='ltr'><strong>alites</strong></span> <span class='ocrx_word' id='word_1_223' title='bbox 962 3122 1099 3175; x_wconf 86' lang='lat' dir='ltr'><strong>iunctos</strong></span> <span class='ocrx_word' id='word_1_224' title='bbox 1112 3121 1208 3192; x_wconf 90' lang='lat' dir='ltr'><strong>iugo,</strong></span> 
     </span>
     <span class='ocr_line' id='line_1_31' title="bbox 196 3191 1208 3262; baseline 0.005 -19"><span class='ocrx_word' id='word_1_225' title='bbox 196 3208 254 3245; x_wconf 92' lang='lat' dir='ltr'><strong>non</strong></span> <span class='ocrx_word' id='word_1_226' title='bbox 277 3191 340 3244; x_wconf 89' lang='lat' dir='ltr'><strong>dico</strong></span> <span class='ocrx_word' id='word_1_227' title='bbox 363 3191 469 3248; x_wconf 83' lang='lat' dir='ltr'><strong>falso?&#39;</strong></span> <span class='ocrx_word' id='word_1_228' title='bbox 508 3191 584 3245; x_wconf 89' lang='lat' dir='ltr'><strong>idem</strong></span> <span class='ocrx_word' id='word_1_229' title='bbox 606 3191 686 3262; x_wconf 87' lang='lat' dir='ltr'><strong>epist.</strong></span> <span class='ocrx_word' id='word_1_230' title='bbox 702 3193 785 3246; x_wconf 87' lang='lat' dir='ltr'><strong>Vll4</strong></span> <span class='ocrx_word' id='word_1_231' title='bbox 810 3194 877 3262; x_wconf 79' lang='lat' dir='ltr'><strong>‘ego</strong></span> <span class='ocrx_word' id='word_1_232' title='bbox 901 3193 976 3248; x_wconf 88' lang='lat' dir='ltr'><strong>enim</strong></span> <span class='ocrx_word' id='word_1_233' title='bbox 996 3191 1067 3245; x_wconf 89' lang='lat' dir='ltr'><strong>mihi</strong></span> <span class='ocrx_word' id='word_1_234' title='bbox 1084 3196 1118 3246; x_wconf 86' lang='lat' dir='ltr'><strong>nt</strong></span> <span class='ocrx_word' id='word_1_235' title='bbox 1135 3192 1208 3248; x_wconf 89' lang='lat' dir='ltr'><strong>libet</strong></span> 
     </span>
     <span class='ocr_line' id='line_1_32' title="bbox 197 3261 1208 3344; baseline 0.005 -29"><span class='ocrx_word' id='word_1_236' title='bbox 197 3264 282 3330; x_wconf 84' lang='lat' dir='ltr'><strong>atque</strong></span> <span class='ocrx_word' id='word_1_237' title='bbox 306 3264 338 3315; x_wconf 91' lang='lat' dir='ltr'><strong>ut</strong></span> <span class='ocrx_word' id='word_1_238' title='bbox 361 3261 492 3318; x_wconf 81' lang='lat' dir='ltr'><strong>occurrit</strong></span> <span class='ocrx_word' id='word_1_239' title='bbox 504 3263 612 3332; x_wconf 87' lang='lat' dir='ltr'><strong>animo,</strong></span> <span class='ocrx_word' id='word_1_240' title='bbox 631 3265 743 3317; x_wconf 87' lang='lat' dir='ltr'><strong>Aeneae</strong></span> <span class='ocrx_word' id='word_1_241' title='bbox 761 3263 865 3317; x_wconf 91' lang='lat' dir='ltr'><strong>faciem</strong></span> <span class='ocrx_word' id='word_1_242' title='bbox 882 3263 1047 3344; x_wconf 82' lang='lat' dir='ltr'><strong>fingo‚&#39;ego</strong></span> <span class='ocrx_word' id='word_1_243' title='bbox 1067 3265 1208 3320; x_wconf 87' lang='lat' dir='ltr'><strong>Medeae</strong></span> 
     </span>
     <span class='ocr_line' id='line_1_33' title="bbox 197 3332 1208 3405; baseline 0.002 -18"><span class='ocrx_word' id='word_1_244' title='bbox 197 3350 270 3387; x_wconf 88' lang='lat' dir='ltr'><strong>curn</strong></span> <span class='ocrx_word' id='word_1_245' title='bbox 298 3332 368 3386; x_wconf 87' lang='lat' dir='ltr'><strong>suis</strong></span> <span class='ocrx_word' id='word_1_246' title='bbox 397 3333 568 3405; x_wconf 85' lang='lat' dir='ltr'><strong>anguibus</strong></span> <span class='ocrx_word' id='word_1_247' title='bbox 597 3333 744 3388; x_wconf 85' lang='lat' dir='ltr'><strong>alitibus</strong></span> <span class='ocrx_word' id='word_1_248' title='bbox 771 3333 901 3387; x_wconf 89' lang='lat' dir='ltr'><strong>iunctis</strong></span> <span class='ocrx_word' id='word_1_249' title='bbox 925 3351 1018 3404; x_wconf 83' lang='lat' dir='ltr'><strong>rugo,</strong></span> <span class='ocrx_word' id='word_1_250' title='bbox 1047 3351 1098 3404; x_wconf 88' lang='lat' dir='ltr'><strong>ego</strong></span> <span class='ocrx_word' id='word_1_251' title='bbox 1123 3334 1208 3389; x_wconf 84' lang='lat' dir='ltr'><strong>Chre-</strong></span> 
     </span>
     <span class='ocr_line' id='line_1_34' title="bbox 195 3404 1208 3462; baseline 0.002 -4"><span class='ocrx_word' id='word_1_252' title='bbox 195 3404 279 3459; x_wconf 85' lang='lat' dir='ltr'><strong>metis</strong></span> <span class='ocrx_word' id='word_1_253' title='bbox 307 3407 335 3459; x_wconf 88' lang='lat' dir='ltr'><strong>et</strong></span> <span class='ocrx_word' id='word_1_254' title='bbox 363 3404 482 3460; x_wconf 89' lang='lat' dir='ltr'><strong>alicuius</strong></span> <span class='ocrx_word' id='word_1_255' title='bbox 503 3405 713 3459; x_wconf 62' lang='lat' dir='ltr'><strong>Parmenonis)</strong></span> <span class='ocrx_word' id='word_1_256' title='bbox 736 3404 878 3462; x_wconf 62' lang='lat' dir='ltr'><strong>,confess</strong></span> <span class='ocrx_word' id='word_1_257' title='bbox 904 3405 942 3459; x_wconf 89' lang='grc' dir='ltr'><strong>ΙΠ</strong></span> <span class='ocrx_word' id='word_1_258' title='bbox 959 3412 981 3460; x_wconf 75' lang='grc'><strong>’6</strong></span> <span class='ocrx_word' id='word_1_259' title='bbox 1012 3405 1208 3460; x_wconf 82' lang='lat' dir='ltr'><strong>‘uolantem</strong></span> 
     </span>
     <span class='ocr_line' id='line_1_35' title="bbox 196 3475 1207 3544; baseline 0 -14"><span class='ocrx_word' id='word_1_260' title='bbox 196 3478 292 3530; x_wconf 89' lang='lat' dir='ltr'><strong>autem</strong></span> <span class='ocrx_word' id='word_1_261' title='bbox 310 3475 461 3530; x_wconf 85' lang='lat' dir='ltr'><strong>Medeam</strong></span> <span class='ocrx_word' id='word_1_262' title='bbox 480 3475 534 3530; x_wconf 86' lang='lat' dir='ltr'><strong>etsi</strong></span> <span class='ocrx_word' id='word_1_263' title='bbox 549 3475 708 3543; x_wconf 86' lang='lat' dir='ltr'><strong>cantabam,</strong></span> <span class='ocrx_word' id='word_1_264' title='bbox 726 3492 783 3529; x_wconf 93' lang='lat' dir='ltr'><strong>non</strong></span> <span class='ocrx_word' id='word_1_265' title='bbox 798 3476 965 3544; x_wconf 86' lang='lat' dir='ltr'><strong>asserebam,</strong></span> <span class='ocrx_word' id='word_1_266' title='bbox 985 3478 1014 3529; x_wconf 88' lang='lat' dir='ltr'><strong>et</strong></span> <span class='ocrx_word' id='word_1_267' title='bbox 1028 3476 1053 3530; x_wconf 89' lang='lat' dir='ltr'><strong>si</strong></span> <span class='ocrx_word' id='word_1_268' title='bbox 1067 3477 1207 3531; x_wconf 86' lang='lat' dir='ltr'><strong>cantari</strong></span> 
     </span>
     <span class='ocr_line' id='line_1_36' title="bbox 197 3545 1206 3616; baseline 0 -16"><span class='ocrx_word' id='word_1_269' title='bbox 197 3545 390 3615; x_wconf 87' lang='lat' dir='ltr'><strong>audiebam,</strong></span> <span class='ocrx_word' id='word_1_270' title='bbox 414 3564 471 3601; x_wconf 91' lang='lat' dir='ltr'><strong>non</strong></span> <span class='ocrx_word' id='word_1_271' title='bbox 489 3546 657 3601; x_wconf 88' lang='lat' dir='ltr'><strong>credebam’</strong></span> <span class='ocrx_word' id='word_1_272' title='bbox 695 3547 801 3600; x_wconf 86' lang='lat' dir='ltr'><strong>Eodem</strong></span> <span class='ocrx_word' id='word_1_273' title='bbox 819 3546 916 3600; x_wconf 86' lang='lat' dir='ltr'><strong>referri</strong></span> <span class='ocrx_word' id='word_1_274' title='bbox 933 3549 1051 3616; x_wconf 87' lang='lat' dir='ltr'><strong>possunt</strong></span> <span class='ocrx_word' id='word_1_275' title='bbox 1069 3548 1206 3602; x_wconf 88' lang='lat' dir='ltr'><strong>Varronis</strong></span> 
     </span>
    </p>
   </div>
   <div class='ocr_carea' id='block_1_12' title="bbox 196 3617 1206 3690">
    <p class='ocr_par' dir='ltr' id='par_1_13' title="bbox 196 3617 1206 3690">
     <span class='ocr_line' id='line_1_37' title="bbox 196 3617 1206 3690; baseline 0.001 -18"><span class='ocrx_word' id='word_1_276' title='bbox 196 3634 211 3672; x_wconf 88' lang='lat' dir='ltr'><strong>e</strong></span> <span class='ocrx_word' id='word_1_277' title='bbox 230 3617 386 3687; x_wconf 88' lang='lat' dir='ltr'><strong>Marcipore</strong></span> <span class='ocrx_word' id='word_1_278' title='bbox 410 3621 505 3672; x_wconf 87' lang='lat' dir='ltr'><strong>satura</strong></span> <span class='ocrx_word' id='word_1_279' title='bbox 529 3617 570 3687; x_wconf 87' lang='lat' dir='ltr'><strong>(fr.</strong></span> <span class='ocrx_word' id='word_1_280' title='bbox 587 3623 639 3672; x_wconf 82' lang='lat'><strong>284</strong></span> <span class='ocrx_word' id='word_1_281' title='bbox 653 3617 695 3687; x_wconf 87' lang='grc' dir='ltr'><strong>Β.)</strong></span> <span class='ocrx_word' id='word_1_282' title='bbox 719 3618 795 3687; x_wconf 89' lang='lat' dir='ltr'><strong>apud</strong></span> <span class='ocrx_word' id='word_1_283' title='bbox 815 3617 1015 3687; x_wconf 82' lang='lat' dir='ltr'><strong>Non.451,1e</strong></span> <span class='ocrx_word' id='word_1_284' title='bbox 1041 3618 1121 3672; x_wconf 84' lang='lat' dir='ltr'><strong>‘dixe</strong></span> <span class='ocrx_word' id='word_1_285' title='bbox 1143 3619 1206 3690; x_wconf 87' lang='lat' dir='ltr'><strong>regi</strong></span> 
     </span>
    </p>
   </div>
   <div class='ocr_carea' id='block_1_13' title="bbox 0 0 1336 3978">
    <p class='ocr_par' dir='ltr' id='par_1_14' title="bbox 0 0 1336 3978">
     <span class='ocr_line' id='line_1_38' title="bbox 0 0 1336 3978; baseline 0 0"><span class='ocrx_word' id='word_1_286' title='bbox 0 0 1336 3978; x_wconf 95' lang='lat' dir='ltr'><strong> </strong></span> 
     </span>
    </p>
   </div>
  </div>
 </body>
</html>
