<?xml version="1.0" encoding="UTF-8"?>
<!DOCTYPE html PUBLIC "-//W3C//DTD XHTML 1.0 Transitional//EN"
    "http://www.w3.org/TR/xhtml1/DTD/xhtml1-transitional.dtd">
<html xmlns="http://www.w3.org/1999/xhtml" xml:lang="en" lang="en">
 <head>
  <title>
</title>
<meta http-equiv="Content-Type" content="text/html;charset=utf-8" />
  <meta name='ocr-system' content='tesseract 3.04.00' />
  <meta name='ocr-capabilities' content='ocr_page ocr_carea ocr_par ocr_line ocrx_word'/>
</head>
<body>
  <div class='ocr_page' id='page_1' title='image "./scaenicaeromano06ribbgoog_0330.png"; bbox 0 0 2644 3982; ppageno 0'>
   <div class='ocr_carea' id='block_1_1' title="bbox 276 245 1112 312">
    <p class='ocr_par' dir='ltr' id='par_1_1' title="bbox 276 245 1112 312">
     <span class='ocr_line' id='line_1_1' title="bbox 276 245 1112 312; baseline 0.017 -14"><span class='ocrx_word' id='word_1_1' title='bbox 276 246 324 298; x_wconf 86' lang='lat' dir='ltr'><strong>EX</strong></span> <span class='ocrx_word' id='word_1_2' title='bbox 342 245 508 300; x_wconf 83' lang='lat' dir='ltr'>INCERTIS</span> <span class='ocrx_word' id='word_1_3' title='bbox 527 247 766 302; x_wconf 77' lang='lat' dir='ltr'><strong>INCERTORVM</strong></span> <span class='ocrx_word' id='word_1_4' title='bbox 785 248 936 302; x_wconf 80' lang='lat' dir='ltr'><strong>FABVLIS</strong></span> <span class='ocrx_word' id='word_1_5' title='bbox 1045 248 1112 312; x_wconf 82' lang='lat'><strong>315</strong></span> 
     </span>
    </p>
   </div>
   <div class='ocr_carea' id='block_1_2' title="bbox 110 401 870 600">
    <p class='ocr_par' dir='ltr' id='par_1_2' title="bbox 110 401 870 582">
     <span class='ocr_line' id='line_1_2' title="bbox 437 401 681 482; baseline 0.004 -9"><span class='ocrx_word' id='word_1_6' title='bbox 437 472 442 482; x_wconf 83' lang='grc'><strong>,</strong></span> <span class='ocrx_word' id='word_1_7' title='bbox 535 401 681 474; x_wconf 77' lang='lat' dir='ltr'><strong>cxxxix</strong></span> 
     </span>
     <span class='ocr_line' id='line_1_3' title="bbox 110 513 870 600; baseline 0 -20"><span class='ocrx_word' id='word_1_8' title='bbox 110 513 232 580; x_wconf 84' lang='lat' dir='ltr'><strong>Amicos</strong></span> <span class='ocrx_word' id='word_1_9' title='bbox 255 515 295 578; x_wconf 88' lang='lat' dir='ltr'><strong>ad</strong></span> <span class='ocrx_word' id='word_1_10' title='bbox 318 515 400 579; x_wconf 76' lang='lat' dir='ltr'><strong>hanc</strong></span> <span class='ocrx_word' id='word_1_11' title='bbox 423 538 504 600; x_wconf 86' lang='lat' dir='ltr'><strong>rem,</strong></span> <span class='ocrx_word' id='word_1_12' title='bbox 527 521 563 580; x_wconf 90' lang='lat' dir='ltr'><strong>ut</strong></span> <span class='ocrx_word' id='word_1_13' title='bbox 586 517 682 600; x_wconf 71' lang='lat' dir='ltr'><strong>soles,</strong></span> <span class='ocrx_word' id='word_1_14' title='bbox 705 517 870 582; x_wconf 77' lang='lat' dir='ltr'><strong>aduccdto.</strong></span> 
     </span>
    </p>
   </div>
   <div class='ocr_carea' id='block_1_3' title="bbox 106 636 1111 990">
    <p class='ocr_par' dir='ltr' id='par_1_3' title="bbox 106 636 1111 990">
     <span class='ocr_line' id='line_1_4' title="bbox 172 636 1110 708; baseline 0.007 -19"><span class='ocrx_word' id='word_1_15' title='bbox 172 639 205 690; x_wconf 86' lang='lat' dir='ltr'><strong>ut</strong></span> <span class='ocrx_word' id='word_1_16' title='bbox 227 637 313 705; x_wconf 89' lang='lat' dir='ltr'><strong>soles,</strong></span> <span class='ocrx_word' id='word_1_17' title='bbox 337 637 527 692; x_wconf 84' lang='lat' dir='ltr'><strong>aduocatoO</strong></span> <span class='ocrx_word' id='word_1_18' title='bbox 547 639 667 692; x_wconf 79' lang='lat' dir='ltr'><strong>Jobua&#39;us</strong></span> <span class='ocrx_word' id='word_1_19' title='bbox 690 638 714 691; x_wconf 86' lang='lat' dir='ltr'><strong>si</strong></span> <span class='ocrx_word' id='word_1_20' title='bbox 736 636 816 692; x_wconf 92' lang='lat' dir='ltr'><strong>uoles</strong></span> <span class='ocrx_word' id='word_1_21' title='bbox 834 639 942 692; x_wconf 86' lang='lat' dir='ltr'><strong>aduoca</strong></span> <span class='ocrx_word' id='word_1_22' title='bbox 961 661 994 708; x_wconf 83' lang='grc' dir='ltr'><strong>ω,</strong></span> <span class='ocrx_word' id='word_1_23' title='bbox 1018 647 1110 695; x_wconf 78' lang='lat' dir='ltr'><strong>tuetur</strong></span> 
     </span>
     <span class='ocr_line' id='line_1_5' title="bbox 108 709 1111 794; baseline 0.005 -32"><span class='ocrx_word' id='word_1_24' title='bbox 108 709 238 779; x_wconf 73' lang='lat' dir='ltr'><strong>Berytius</strong></span> <span class='ocrx_word' id='word_1_25' title='bbox 250 711 368 763; x_wconf 64' lang='lat' dir='ltr'><strong>acticus</strong></span> <span class='ocrx_word' id='word_1_26' title='bbox 374 711 495 764; x_wconf 81' lang='lat' dir='ltr'><strong>bcccbeis</strong></span> <span class='ocrx_word' id='word_1_27' title='bbox 508 711 666 764; x_wconf 78' lang='lat' dir='ltr'><strong>admiscens</strong></span> <span class='ocrx_word' id='word_1_28' title='bbox 680 709 778 769; x_wconf 90' lang='lat' dir='ltr'><strong>uolens</strong></span> <span class='ocrx_word' id='word_1_29' title='bbox 788 709 933 763; x_wconf 87' lang='lat' dir='ltr'><strong>aduocabo</strong></span> <span class='ocrx_word' id='word_1_30' title='bbox 943 729 964 765; x_wconf 79' lang='lat' dir='ltr'><strong><em>x</em></strong></span> <span class='ocrx_word' id='word_1_31' title='bbox 976 729 994 766; x_wconf 84' lang='lat' dir='ltr'><strong>u</strong></span> <span class='ocrx_word' id='word_1_32' title='bbox 1003 714 1111 794; x_wconf 75' lang='lat' dir='ltr'><strong>tropica</strong></span> 
     </span>
     <span class='ocr_line' id='line_1_6' title="bbox 107 781 1110 838; baseline 0.004 -6"><span class='ocrx_word' id='word_1_33' title='bbox 107 797 200 834; x_wconf 79' lang='lat' dir='ltr'><strong>scaeua</strong></span> <span class='ocrx_word' id='word_1_34' title='bbox 218 782 283 836; x_wconf 79' lang='lat' dir='ltr'><strong>buce</strong></span> <span class='ocrx_word' id='word_1_35' title='bbox 300 781 393 834; x_wconf 77' lang='lat' dir='ltr'><strong>alienu</strong></span> <span class='ocrx_word' id='word_1_36' title='bbox 411 797 463 835; x_wconf 82' lang='lat' dir='ltr'><strong>esse</strong></span> <span class='ocrx_word' id='word_1_37' title='bbox 479 783 653 835; x_wconf 72' lang='lat' dir='ltr'><strong>contendeus:</strong></span> <span class='ocrx_word' id='word_1_38' title='bbox 672 782 822 836; x_wconf 75' lang='lat' dir='ltr'><strong>comoediae</strong></span> <span class='ocrx_word' id='word_1_39' title='bbox 835 782 974 836; x_wconf 78' lang='lat' dir='ltr'><strong>reddendo</strong></span> <span class='ocrx_word' id='word_1_40' title='bbox 987 799 1040 837; x_wconf 83' lang='lat' dir='ltr'><strong>esse</strong></span> <span class='ocrx_word' id='word_1_41' title='bbox 1053 785 1110 838; x_wconf 79' lang='lat' dir='ltr'><strong>iam</strong></span> 
     </span>
     <span class='ocr_line' id='line_1_7' title="bbox 110 850 1108 923; baseline 0.004 -19"><span class='ocrx_word' id='word_1_42' title='bbox 110 850 255 919; x_wconf 62' lang='lat' dir='ltr'><strong>Gemitus</strong></span> <span class='ocrx_word' id='word_1_43' title='bbox 272 853 391 918; x_wconf 59' lang='lat' dir='ltr'><strong>cremia</strong></span> <span class='ocrx_word' id='word_1_44' title='bbox 408 869 457 906; x_wconf 82' lang='lat' dir='ltr'><strong>uec</strong></span> <span class='ocrx_word' id='word_1_45' title='bbox 474 869 540 922; x_wconf 77' lang='lat' dir='ltr'><strong>cepo</strong></span> <span class='ocrx_word' id='word_1_46' title='bbox 559 853 716 923; x_wconf 78' lang='lat' dir='ltr'><strong>umbipuum</strong></span> <span class='ocrx_word' id='word_1_47' title='bbox 733 869 786 906; x_wconf 80' lang='lat' dir='ltr'><strong>csse</strong></span> <span class='ocrx_word' id='word_1_48' title='bbox 804 853 943 906; x_wconf 77' lang='lat' dir='ltr'><strong>iudicium</strong></span> <span class='ocrx_word' id='word_1_49' title='bbox 957 855 1001 922; x_wconf 82' lang='lat' dir='ltr'><strong>(ef.</strong></span> <span class='ocrx_word' id='word_1_50' title='bbox 1019 855 1108 909; x_wconf 78' lang='lat' dir='ltr'><strong>coruli.</strong></span> 
     </span>
     <span class='ocr_line' id='line_1_8' title="bbox 106 921 969 990; baseline 0.005 -16"><span class='ocrx_word' id='word_1_51' title='bbox 106 921 210 990; x_wconf 86' lang='lat' dir='ltr'><strong>LXVII)</strong></span> <span class='ocrx_word' id='word_1_52' title='bbox 265 921 302 976; x_wconf 88' lang='lat' dir='ltr'><strong>ad</strong></span> <span class='ocrx_word' id='word_1_53' title='bbox 321 922 403 989; x_wconf 88' lang='lat' dir='ltr'><strong>hanc</strong></span> <span class='ocrx_word' id='word_1_54' title='bbox 422 922 447 976; x_wconf 91' lang='lat' dir='ltr'><strong>si</strong></span> <span class='ocrx_word' id='word_1_55' title='bbox 465 922 552 984; x_wconf 88' lang='lat' dir='ltr'><strong>uoles,</strong></span> <span class='ocrx_word' id='word_1_56' title='bbox 572 923 680 976; x_wconf 87' lang='lat' dir='ltr'><strong>aduoca</strong></span> <span class='ocrx_word' id='word_1_57' title='bbox 699 939 757 976; x_wconf 93' lang='lat' dir='ltr'><strong>rem</strong></span> <span class='ocrx_word' id='word_1_58' title='bbox 775 925 889 978; x_wconf 75' lang='lat' dir='ltr'><strong>coniecit</strong></span> <span class='ocrx_word' id='word_1_59' title='bbox 878 924 969 978; x_wconf 81' lang='lat' dir='ltr'><strong>tBue</strong></span> 
     </span>
    </p>
   </div>
   <div class='ocr_carea' id='block_1_4' title="bbox 105 1047 1110 1366">
    <p class='ocr_par' dir='ltr' id='par_1_4' title="bbox 105 1047 1110 1366">
     <span class='ocr_line' id='line_1_9' title="bbox 567 1047 755 1132; baseline -0.005 0"><span class='ocrx_word' id='word_1_60' title='bbox 567 1073 642 1132; x_wconf 76' lang='lat' dir='ltr'><strong>cru</strong></span> <span class='ocrx_word' id='word_1_61' title='bbox 753 1047 755 1050; x_wconf 71' lang='grc'><strong>’</strong></span> 
     </span>
     <span class='ocr_line' id='line_1_10' title="bbox 105 1173 789 1260; baseline 0.004 -24"><span class='ocrx_word' id='word_1_62' title='bbox 105 1173 232 1237; x_wconf 85' lang='lat' dir='ltr'><strong>Hdrridi</strong></span> <span class='ocrx_word' id='word_1_63' title='bbox 256 1174 424 1238; x_wconf 70' lang='lat' dir='ltr'><strong>trinseunt</strong></span> <span class='ocrx_word' id='word_1_64' title='bbox 446 1175 487 1237; x_wconf 74' lang='lat' dir='ltr'><strong>ed</strong></span> <span class='ocrx_word' id='word_1_65' title='bbox 508 1175 604 1259; x_wconf 88' lang='lat' dir='ltr'><strong>pedes</strong></span> <span class='ocrx_word' id='word_1_66' title='bbox 628 1177 667 1239; x_wconf 77' lang='lat' dir='ltr'><strong>ex</strong></span> <span class='ocrx_word' id='word_1_67' title='bbox 690 1176 789 1260; x_wconf 89' lang='lat' dir='ltr'><strong>equis.</strong></span> 
     </span>
     <span class='ocr_line' id='line_1_11' title="bbox 172 1275 1110 1366; baseline 0.002 -17"><span class='ocrx_word' id='word_1_68' title='bbox 172 1295 322 1363; x_wconf 75' lang='lat' dir='ltr'><strong>Confictum</strong></span> <span class='ocrx_word' id='word_1_69' title='bbox 343 1313 397 1350; x_wconf 79' lang='lat' dir='ltr'><strong>esse</strong></span> <span class='ocrx_word' id='word_1_70' title='bbox 419 1313 526 1350; x_wconf 81' lang='lat' dir='ltr'><strong>cereum</strong></span> <span class='ocrx_word' id='word_1_71' title='bbox 543 1303 679 1350; x_wconf 73' lang='lat' dir='ltr'><strong>censete:</strong></span> <span class='ocrx_word' id='word_1_72' title='bbox 703 1294 810 1348; x_wconf 86' lang='lat' dir='ltr'>horridi</span> <span class='ocrx_word' id='word_1_73' title='bbox 829 1275 982 1366; x_wconf 76' lang='lat' dir='ltr'><strong>equitasse.</strong></span> <span class='ocrx_word' id='word_1_74' title='bbox 998 1294 1110 1366; x_wconf 76' lang='lat' dir='ltr'><strong>pulvere</strong></span> 
     </span>
    </p>
   </div>
   <div class='ocr_carea' id='block_1_5' title="bbox 102 1368 1163 1612">
    <p class='ocr_par' dir='ltr' id='par_1_5' title="bbox 102 1368 1163 1612">
     <span class='ocr_line' id='line_1_12' title="bbox 102 1368 238 1422; baseline 0.007 -2"><span class='ocrx_word' id='word_1_75' title='bbox 102 1368 238 1422; x_wconf 64' lang='lat' dir='ltr'><strong>ct&#39;sudore</strong></span> 
     </span>
     <span class='ocr_line' id='line_1_13' title="bbox 522 1445 648 1505; baseline 0.008 -1"><span class='ocrx_word' id='word_1_76' title='bbox 522 1501 525 1504; x_wconf 87' lang='lat'>.</span> <span class='ocrx_word' id='word_1_77' title='bbox 557 1445 648 1505; x_wconf 77' lang='lat' dir='ltr'>CXLI</span> 
     </span>
     <span class='ocr_line' id='line_1_14' title="bbox 102 1545 1163 1612; baseline -0.001 -2"><span class='ocrx_word' id='word_1_78' title='bbox 102 1545 236 1610; x_wconf 79' lang='lat' dir='ltr'><strong>Struiint</strong></span> <span class='ocrx_word' id='word_1_79' title='bbox 222 1549 385 1611; x_wconf 88' lang='lat' dir='ltr'><strong>tscrores</strong></span> <span class='ocrx_word' id='word_1_80' title='bbox 403 1545 482 1611; x_wconf 85' lang='lat' dir='ltr'><strong>&#39;tt&#39;A</strong></span> <span class='ocrx_word' id='word_1_81' title='bbox 443 1551 540 1612; x_wconf 84' lang='lat' dir='ltr'><strong>ttrcee</strong></span> <span class='ocrx_word' id='word_1_82' title='bbox 564 1548 669 1611; x_wconf 83' lang='lat' dir='ltr'><strong>dirum</strong></span> <span class='ocrx_word' id='word_1_83' title='bbox 691 1548 790 1612; x_wconf 78' lang='lat' dir='ltr'><strong>nefas.</strong></span> <span class='ocrx_word' id='word_1_84' title='bbox 1111 1561 1163 1610; x_wconf 77' lang='lat'><strong>240</strong></span> 
     </span>
    </p>
   </div>
   <div class='ocr_carea' id='block_1_6' title="bbox 95 1637 1110 2094">
    <p class='ocr_par' dir='ltr' id='par_1_6' title="bbox 95 1637 1110 2094">
     <span class='ocr_line' id='line_1_15' title="bbox 169 1637 1110 1738; baseline 0.002 -18"><span class='ocrx_word' id='word_1_85' title='bbox 169 1667 275 1722; x_wconf 84' lang='lat' dir='ltr'><strong>Marius</strong></span> <span class='ocrx_word' id='word_1_86' title='bbox 289 1669 450 1724; x_wconf 77' lang='lat' dir='ltr'><strong>Victorinus</strong></span> <span class='ocrx_word' id='word_1_87' title='bbox 467 1669 543 1724; x_wconf 75' lang='lat' dir='ltr'>OGL.</span> <span class='ocrx_word' id='word_1_88' title='bbox 558 1669 597 1724; x_wconf 82' lang='lat' dir='ltr'><strong>VI</strong></span> <span class='ocrx_word' id='word_1_89' title='bbox 612 1674 663 1723; x_wconf 76' lang='lat'><strong>149</strong></span> <span class='ocrx_word' id='word_1_90' title='bbox 677 1669 710 1724; x_wconf 89' lang='lat' dir='ltr'><strong>K.</strong></span> <span class='ocrx_word' id='word_1_91' title='bbox 739 1669 799 1738; x_wconf 93' lang='lat' dir='ltr'><strong>(ubi</strong></span> <span class='ocrx_word' id='word_1_92' title='bbox 822 1637 857 1722; x_wconf 90' lang='lat' dir='ltr'><strong>de</strong></span> <span class='ocrx_word' id='word_1_93' title='bbox 879 1669 1110 1738; x_wconf 85' lang='lat' dir='ltr'><strong>hendecasyllabi</strong></span> 
     </span>
     <span class='ocr_line' id='line_1_16' title="bbox 100 1737 1108 1810; baseline 0.001 -18"><span class='ocrx_word' id='word_1_94' title='bbox 100 1737 244 1793; x_wconf 87' lang='lat' dir='ltr'><strong>elementis</strong></span> <span class='ocrx_word' id='word_1_95' title='bbox 262 1740 374 1810; x_wconf 88' lang='lat' dir='ltr'><strong>dicitur)</strong></span> <span class='ocrx_word' id='word_1_96' title='bbox 396 1741 491 1796; x_wconf 63' lang='lat' dir='ltr'><strong>utem:</strong></span> <span class='ocrx_word' id='word_1_97' title='bbox 510 1757 589 1794; x_wconf 81' lang='lat' dir='ltr'><strong>meae</strong></span> <span class='ocrx_word' id='word_1_98' title='bbox 604 1740 741 1795; x_wconf 79' lang='lat' dir='ltr'>Camenae</span> <span class='ocrx_word' id='word_1_99' title='bbox 759 1740 893 1795; x_wconf 77' lang='lat' dir='ltr'><strong>caelitum</strong></span> <span class='ocrx_word' id='word_1_100' title='bbox 906 1743 995 1794; x_wconf 87' lang='lat' dir='ltr'><strong>testor</strong></span> <span class='ocrx_word' id='word_1_101' title='bbox 1012 1757 1108 1810; x_wconf 82' lang='lat' dir='ltr'><strong>genus,</strong></span> 
     </span>
     <span class='ocr_line' id='line_1_17' title="bbox 99 1809 1109 1867; baseline 0.002 -5"><span class='ocrx_word' id='word_1_102' title='bbox 99 1809 243 1864; x_wconf 79' lang='lat' dir='ltr'><strong>iambicus.</strong></span> <span class='ocrx_word' id='word_1_103' title='bbox 280 1811 362 1867; x_wconf 86' lang='lat' dir='ltr'><strong>Item:</strong></span> <span class='ocrx_word' id='word_1_104' title='bbox 391 1829 502 1866; x_wconf 87' lang='lat' dir='ltr'><strong>carmen</strong></span> <span class='ocrx_word' id='word_1_105' title='bbox 527 1811 653 1866; x_wconf 83' lang='lat' dir='ltr'><strong>Pierides</strong></span> <span class='ocrx_word' id='word_1_106' title='bbox 681 1814 820 1866; x_wconf 85' lang='lat' dir='ltr'><strong>struunt</strong></span> <span class='ocrx_word' id='word_1_107' title='bbox 848 1828 1040 1866; x_wconf 88' lang='lat' dir='ltr'><strong>sorores—</strong></span> <span class='ocrx_word' id='word_1_108' title='bbox 1068 1812 1109 1865; x_wconf 86' lang='lat' dir='ltr'><strong>ita</strong></span> 
     </span>
     <span class='ocr_line' id='line_1_18' title="bbox 98 1881 1107 1953; baseline -0.001 -18"><span class='ocrx_word' id='word_1_109' title='bbox 98 1881 296 1950; x_wconf 87' lang='lat' dir='ltr'><strong>complebitur:</strong></span> <span class='ocrx_word' id='word_1_110' title='bbox 329 1899 442 1938; x_wconf 74' lang='lat' dir='ltr'><strong>carmen</strong></span> <span class='ocrx_word' id='word_1_111' title='bbox 474 1883 598 1937; x_wconf 83' lang='lat' dir='ltr'><strong>Pierides</strong></span> <span class='ocrx_word' id='word_1_112' title='bbox 630 1887 759 1953; x_wconf 86' lang='lat' dir='ltr'><strong>pangunt</strong></span> <span class='ocrx_word' id='word_1_113' title='bbox 789 1882 972 1936; x_wconf 81' lang='lat' dir='ltr'><strong>memorabile</strong></span> <span class='ocrx_word' id='word_1_114' title='bbox 999 1883 1107 1936; x_wconf 80' lang='lat' dir='ltr'><strong>Musae.</strong></span> 
     </span>
     <span class='ocr_line' id='line_1_19' title="bbox 98 1951 1109 2020; baseline 0 -16"><span class='ocrx_word' id='word_1_115' title='bbox 98 1951 212 2020; x_wconf 87' lang='lat' dir='ltr'><strong>dehinc,</strong></span> <span class='ocrx_word' id='word_1_116' title='bbox 240 1955 378 2008; x_wconf 88' lang='lat' dir='ltr'><strong>struunt</strong></span> <span class='ocrx_word' id='word_1_117' title='bbox 407 1971 541 2008; x_wconf 90' lang='lat' dir='ltr'><strong>sorores</strong></span> <span class='ocrx_word' id='word_1_118' title='bbox 569 1955 707 2008; x_wconf 87' lang='lat' dir='ltr'><strong>Atticae</strong></span> <span class='ocrx_word' id='word_1_119' title='bbox 737 1954 846 2007; x_wconf 88' lang='lat' dir='ltr'><strong>dirum</strong></span> <span class='ocrx_word' id='word_1_120' title='bbox 874 1953 990 2008; x_wconf 87' lang='lat' dir='ltr'><strong>nefas’</strong></span> <span class='ocrx_word' id='word_1_121' title='bbox 1028 1951 1109 2006; x_wconf 87' lang='lat' dir='ltr'><strong>Terei</strong></span> 
     </span>
     <span class='ocr_line' id='line_1_20' title="bbox 95 2023 461 2094; baseline 0.014 -19"><span class='ocrx_word' id='word_1_122' title='bbox 95 2023 224 2076; x_wconf 86' lang='lat' dir='ltr'><strong>fabulam</strong></span> <span class='ocrx_word' id='word_1_123' title='bbox 242 2024 312 2078; x_wconf 84' lang='lat' dir='ltr'><strong>haec</strong></span> <span class='ocrx_word' id='word_1_124' title='bbox 329 2025 461 2094; x_wconf 90' lang='lat' dir='ltr'><strong>produnt.</strong></span> 
     </span>
    </p>
   </div>
   <div class='ocr_carea' id='block_1_7' title="bbox 95 2129 807 2398">
    <p class='ocr_par' dir='ltr' id='par_1_7' title="bbox 95 2129 807 2398">
     <span class='ocr_line' id='line_1_21' title="bbox 170 2129 438 2186; baseline 0.019 -5"><span class='ocrx_word' id='word_1_125' title='bbox 170 2129 270 2184; x_wconf 85' lang='lat' dir='ltr'><strong>durum</strong></span> <span class='ocrx_word' id='word_1_126' title='bbox 290 2133 351 2186; x_wconf 81' lang='lat' dir='ltr'><strong>Pul.</strong></span> <span class='ocrx_word' id='word_1_127' title='bbox 371 2133 438 2186; x_wconf 81' lang='lat' dir='ltr'><strong>Pur.</strong></span> 
     </span>
     <span class='ocr_line' id='line_1_22' title="bbox 550 2211 657 2270; baseline 0 0"><span class='ocrx_word' id='word_1_128' title='bbox 550 2211 657 2270; x_wconf 72' lang='lat' dir='ltr'>CXLII</span> 
     </span>
     <span class='ocr_line' id='line_1_23' title="bbox 95 2310 807 2398; baseline 0.004 -23"><span class='ocrx_word' id='word_1_129' title='bbox 95 2310 178 2375; x_wconf 87' lang='lat' dir='ltr'><strong>Diui</strong></span> <span class='ocrx_word' id='word_1_130' title='bbox 199 2333 241 2395; x_wconf 91' lang='lat' dir='ltr'><strong>po</strong></span> <span class='ocrx_word' id='word_1_131' title='bbox 243 2316 359 2398; x_wconf 63' lang='lat' dir='ltr'><strong>t7entes</strong></span> <span class='ocrx_word' id='word_1_132' title='bbox 382 2314 463 2378; x_wconf 86' lang='lat' dir='ltr'><strong>ferte</strong></span> <span class='ocrx_word' id='word_1_133' title='bbox 486 2313 615 2378; x_wconf 83' lang='lat' dir='ltr'><strong>lassatis</strong></span> <span class='ocrx_word' id='word_1_134' title='bbox 638 2316 744 2398; x_wconf 84' lang='lat' dir='ltr'><strong>opem!</strong></span> <span class='ocrx_word' id='word_1_135' title='bbox 805 2362 807 2367; x_wconf 80' lang='lat'><em>·</em></span> 
     </span>
    </p>
   </div>
   <div class='ocr_carea' id='block_1_8' title="bbox 90 2393 1108 2930">
    <p class='ocr_par' dir='ltr' id='par_1_8' title="bbox 90 2393 1108 2930">
     <span class='ocr_line' id='line_1_24' title="bbox 120 2393 1107 2504; baseline 0.002 -18.101"><span class='ocrx_word' id='word_1_136' title='bbox 120 2433 273 2487; x_wconf 85' lang='lat' dir='ltr'><strong>Marius</strong></span> <span class='ocrx_word' id='word_1_137' title='bbox 293 2433 455 2488; x_wconf 77' lang='lat' dir='ltr'><strong>Victorinus</strong></span> <span class='ocrx_word' id='word_1_138' title='bbox 474 2435 550 2490; x_wconf 79' lang='lat' dir='ltr'>CGL.</span> <span class='ocrx_word' id='word_1_139' title='bbox 565 2435 604 2489; x_wconf 93' lang='lat' dir='ltr'><strong>VI</strong></span> <span class='ocrx_word' id='word_1_140' title='bbox 620 2441 652 2488; x_wconf 75' lang='lat'><strong>79</strong></span> <span class='ocrx_word' id='word_1_141' title='bbox 666 2435 742 2489; x_wconf 90' lang='lat' dir='ltr'><strong>K.‘</strong></span> <span class='ocrx_word' id='word_1_142' title='bbox 744 2439 812 2504; x_wconf 86' lang='lat' dir='ltr'><strong>pent</strong></span> <span class='ocrx_word' id='word_1_143' title='bbox 800 2393 1012 2490; x_wconf 86' lang='lat' dir='ltr'><strong>themimeres&#39;</strong></span> <span class='ocrx_word' id='word_1_144' title='bbox 1005 2453 1035 2489; x_wconf 91' lang='grc' dir='ltr'><strong>ιιι</strong></span> <span class='ocrx_word' id='word_1_145' title='bbox 1057 2436 1107 2488; x_wconf 90' lang='lat' dir='ltr'><strong>tri-</strong></span> 
     </span>
     <span class='ocr_line' id='line_1_25' title="bbox 94 2504 1108 2576; baseline 0.002 -18"><span class='ocrx_word' id='word_1_146' title='bbox 94 2504 194 2559; x_wconf 82' lang='lat' dir='ltr'><strong>metris</strong></span> <span class='ocrx_word' id='word_1_147' title='bbox 219 2505 288 2559; x_wconf 86' lang='lat' dir='ltr'><strong>satis</strong></span> <span class='ocrx_word' id='word_1_148' title='bbox 310 2506 459 2574; x_wconf 85' lang='lat' dir='ltr'><strong>probatur,</strong></span> <span class='ocrx_word' id='word_1_149' title='bbox 483 2523 556 2574; x_wconf 82' lang='lat' dir='ltr'><strong>quae</strong></span> <span class='ocrx_word' id='word_1_150' title='bbox 578 2524 629 2576; x_wconf 88' lang='lat' dir='ltr'><strong>per</strong></span> <span class='ocrx_word' id='word_1_151' title='bbox 650 2506 732 2561; x_wconf 89' lang='lat' dir='ltr'><strong>binos</strong></span> <span class='ocrx_word' id='word_1_152' title='bbox 755 2505 916 2560; x_wconf 84' lang='lat' dir='ltr'><strong>iambost</strong></span> <span class='ocrx_word' id='word_1_153' title='bbox 888 2510 916 2561; x_wconf 86' lang='lat' dir='ltr'><strong>et</strong></span> <span class='ocrx_word' id='word_1_154' title='bbox 938 2506 1108 2576; x_wconf 85' lang='lat' dir='ltr'><strong>semipedem</strong></span> 
     </span>
     <span class='ocr_line' id='line_1_26' title="bbox 94 2576 1106 2648; baseline 0.002 -18"><span class='ocrx_word' id='word_1_155' title='bbox 94 2577 186 2630; x_wconf 90' lang='lat' dir='ltr'><strong>uerba</strong></span> <span class='ocrx_word' id='word_1_156' title='bbox 208 2576 283 2645; x_wconf 85' lang='lat' dir='ltr'><strong>finit</strong></span> <span class='ocrx_word' id='word_1_157' title='bbox 307 2579 340 2631; x_wconf 86' lang='lat' dir='ltr'><strong>ut</strong></span> <span class='ocrx_word' id='word_1_158' title='bbox 358 2579 412 2630; x_wconf 86' lang='lat' dir='ltr'><strong>est·</strong></span> <span class='ocrx_word' id='word_1_159' title='bbox 437 2577 525 2630; x_wconf 89' lang='lat' dir='ltr'><strong>diui&#39;</strong></span> <span class='ocrx_word' id='word_1_160' title='bbox 546 2595 608 2647; x_wconf 99' lang='lat' dir='ltr'><strong>eq</strong></span> <span class='ocrx_word' id='word_1_161' title='bbox 610 2596 656 2632; x_wconf 90' lang='lat' dir='ltr'><strong>..s</strong></span> <span class='ocrx_word' id='word_1_162' title='bbox 693 2577 869 2632; x_wconf 89' lang='lat' dir='ltr'><strong>Pseudoacro</strong></span> <span class='ocrx_word' id='word_1_163' title='bbox 888 2578 925 2631; x_wconf 87' lang='lat' dir='ltr'><strong>ad</strong></span> <span class='ocrx_word' id='word_1_164' title='bbox 941 2578 1005 2632; x_wconf 87' lang='lat' dir='ltr'><strong>Hor.</strong></span> <span class='ocrx_word' id='word_1_165' title='bbox 1026 2579 1106 2648; x_wconf 88' lang='lat' dir='ltr'><strong>epod</strong></span> 
     </span>
     <span class='ocr_line' id='line_1_27' title="bbox 93 2597 1107 2730; baseline 0.004 -31"><span class='ocrx_word' id='word_1_166' title='bbox 93 2647 157 2702; x_wconf 90' lang='lat' dir='ltr'><strong>init</strong></span> <span class='ocrx_word' id='word_1_167' title='bbox 185 2621 338 2700; x_wconf 79' lang='lat' dir='ltr'><strong>‘iambicus</strong></span> <span class='ocrx_word' id='word_1_168' title='bbox 362 2647 489 2702; x_wconf 82' lang='lat' dir='ltr'><strong>trimeter</strong></span> <span class='ocrx_word' id='word_1_169' title='bbox 510 2597 635 2718; x_wconf 83' lang='lat' dir='ltr'><strong>tragicus</strong></span> <span class='ocrx_word' id='word_1_170' title='bbox 657 2648 758 2730; x_wconf 76' lang='lat' dir='ltr'><strong>recipit</strong></span> <span class='ocrx_word' id='word_1_171' title='bbox 775 2649 864 2730; x_wconf 82' lang='lat' dir='ltr'><strong>pedes</strong></span> <span class='ocrx_word' id='word_1_172' title='bbox 881 2649 1005 2718; x_wconf 81' lang='lat' dir='ltr'><strong>dextms</strong></span> <span class='ocrx_word' id='word_1_173' title='bbox 1029 2649 1107 2704; x_wconf 89' lang='lat' dir='ltr'><strong>uide-</strong></span> 
     </span>
     <span class='ocr_line' id='line_1_28' title="bbox 92 2717 1107 2790; baseline 0.005 -20"><span class='ocrx_word' id='word_1_174' title='bbox 92 2717 165 2772; x_wconf 89' lang='lat' dir='ltr'><strong>licet</strong></span> <span class='ocrx_word' id='word_1_175' title='bbox 183 2718 333 2787; x_wconf 87' lang='lat' dir='ltr'><strong>spondium</strong></span> <span class='ocrx_word' id='word_1_176' title='bbox 351 2718 480 2789; x_wconf 88' lang='lat' dir='ltr'><strong>primum,</strong></span> <span class='ocrx_word' id='word_1_177' title='bbox 499 2721 615 2774; x_wconf 81' lang='lat' dir='ltr'><strong>tertium</strong></span> <span class='ocrx_word' id='word_1_178' title='bbox 633 2723 662 2775; x_wconf 92' lang='lat' dir='ltr'><strong>et</strong></span> <span class='ocrx_word' id='word_1_179' title='bbox 680 2719 823 2788; x_wconf 79' lang='lat' dir='ltr'><strong>quintum3</strong></span> <span class='ocrx_word' id='word_1_180' title='bbox 842 2719 970 2774; x_wconf 85' lang='lat' dir='ltr'><strong>sinistros</strong></span> <span class='ocrx_word' id='word_1_181' title='bbox 989 2720 1107 2790; x_wconf 87' lang='lat' dir='ltr'><strong>iambos,</strong></span> 
     </span>
     <span class='ocr_line' id='line_1_29' title="bbox 91 2787 1106 2884; baseline 0.002 -42"><span class='ocrx_word' id='word_1_182' title='bbox 91 2787 232 2843; x_wconf 90' lang='lat' dir='ltr'><strong>uidelicet</strong></span> <span class='ocrx_word' id='word_1_183' title='bbox 253 2791 418 2859; x_wconf 85' lang='lat' dir='ltr'><strong>secundum,</strong></span> <span class='ocrx_word' id='word_1_184' title='bbox 443 2794 575 2858; x_wconf 84' lang='lat' dir='ltr'><strong>quartum</strong></span> <span class='ocrx_word' id='word_1_185' title='bbox 593 2794 623 2846; x_wconf 86' lang='lat' dir='ltr'><strong>et</strong></span> <span class='ocrx_word' id='word_1_186' title='bbox 641 2795 764 2846; x_wconf 80' lang='lat' dir='ltr'><strong>sextum.</strong></span> <span class='ocrx_word' id='word_1_187' title='bbox 786 2790 889 2844; x_wconf 92' lang='lat' dir='ltr'><strong>diui..</strong></span> <span class='ocrx_word' id='word_1_188' title='bbox 906 2793 1027 2884; x_wconf 90' lang='lat' dir='ltr'><strong>.opem.&#39;</strong></span> <span class='ocrx_word' id='word_1_189' title='bbox 1066 2791 1106 2846; x_wconf 79' lang='lat' dir='ltr'><strong>Cf</strong></span> 
     </span>
     <span class='ocr_line' id='line_1_30' title="bbox 90 2859 329 2930; baseline 0.004 -17"><span class='ocrx_word' id='word_1_190' title='bbox 90 2859 161 2914; x_wconf 85' lang='lat' dir='ltr'><strong>hist.</strong></span> <span class='ocrx_word' id='word_1_191' title='bbox 181 2863 254 2930; x_wconf 71' lang='lat' dir='ltr'><strong>trag.</strong></span> <span class='ocrx_word' id='word_1_192' title='bbox 270 2866 329 2914; x_wconf 80' lang='lat'><strong>542</strong></span> 
     </span>
    </p>
   </div>
   <div class='ocr_carea' id='block_1_9' title="bbox 87 2966 1017 3286">
    <p class='ocr_par' dir='ltr' id='par_1_9' title="bbox 87 2966 1017 3286">
     <span class='ocr_line' id='line_1_31' title="bbox 167 2966 1017 3063; baseline 0.007 -44"><span class='ocrx_word' id='word_1_193' title='bbox 167 2967 216 3019; x_wconf 83' lang='lat' dir='ltr'><strong>uix</strong></span> <span class='ocrx_word' id='word_1_194' title='bbox 235 2966 343 3023; x_wconf 73' lang='lat' dir='ltr'><strong>satiei.</strong></span> <span class='ocrx_word' id='word_1_195' title='bbox 363 2986 384 3023; x_wconf 86' lang='lat' dir='ltr'><strong>e</strong></span> <span class='ocrx_word' id='word_1_196' title='bbox 404 2968 573 3063; x_wconf 64' lang='lat' dir='ltr'><strong>uexatisut</strong></span> <span class='ocrx_word' id='word_1_197' title='bbox 562 2972 666 3026; x_wconf 77' lang='lat' dir='ltr'><strong>tdedit</strong></span> <span class='ocrx_word' id='word_1_198' title='bbox 655 2971 830 3040; x_wconf 70' lang='lat' dir='ltr'><strong>toroquius,</strong></span> <span class='ocrx_word' id='word_1_199' title='bbox 849 2969 929 3026; x_wconf 79' lang='lat' dir='ltr'><strong>schol.</strong></span> <span class='ocrx_word' id='word_1_200' title='bbox 948 2969 1017 3025; x_wconf 80' lang='lat' dir='ltr'><strong>Hor.</strong></span> 
     </span>
     <span class='ocr_line' id='line_1_32' title="bbox 543 3120 666 3180; baseline 0 0"><span class='ocrx_word' id='word_1_201' title='bbox 543 3120 666 3180; x_wconf 75' lang='lat' dir='ltr'>CXLIII</span> 
     </span>
     <span class='ocr_line' id='line_1_33' title="bbox 87 3221 736 3286; baseline 0 0"><span class='ocrx_word' id='word_1_202' title='bbox 87 3221 219 3286; x_wconf 77' lang='lat' dir='ltr'><strong>Micrint</strong></span> <span class='ocrx_word' id='word_1_203' title='bbox 240 3222 346 3286; x_wconf 84' lang='lat' dir='ltr'><strong>nitore</strong></span> <span class='ocrx_word' id='word_1_204' title='bbox 370 3223 454 3286; x_wconf 82' lang='lat' dir='ltr'><strong>te‘cta</strong></span> <span class='ocrx_word' id='word_1_205' title='bbox 477 3221 609 3286; x_wconf 89' lang='lat' dir='ltr'><strong>sublimi</strong></span> <span class='ocrx_word' id='word_1_206' title='bbox 631 3227 736 3286; x_wconf 76' lang='lat' dir='ltr'><strong>aurea.</strong></span> 
     </span>
    </p>
   </div>
   <div class='ocr_carea' id='block_1_10' title="bbox 84 3341 1106 3682">
    <p class='ocr_par' dir='ltr' id='par_1_10' title="bbox 84 3341 1106 3682">
     <span class='ocr_line' id='line_1_34' title="bbox 168 3341 1106 3414; baseline 0 -18"><span class='ocrx_word' id='word_1_207' title='bbox 168 3341 280 3396; x_wconf 84' lang='lat' dir='ltr'><strong>Servius</strong></span> <span class='ocrx_word' id='word_1_208' title='bbox 304 3342 378 3397; x_wconf 84' lang='lat' dir='ltr'><strong>deO</strong></span> <span class='ocrx_word' id='word_1_209' title='bbox 401 3343 497 3398; x_wconf 88' lang='lat' dir='ltr'><strong>metris</strong></span> <span class='ocrx_word' id='word_1_210' title='bbox 521 3343 763 3398; x_wconf 73' lang='grc' dir='ltr'>0111.Ι1Ῑ467Κ.</span> <span class='ocrx_word' id='word_1_211' title='bbox 802 3344 984 3414; x_wconf 77' lang='lat' dir='ltr'><strong>‘reciprocum</strong></span> <span class='ocrx_word' id='word_1_212' title='bbox 1005 3343 1106 3398; x_wconf 85' lang='lat' dir='ltr'><strong>iambi·</strong></span> 
     </span>
     <span class='ocr_line' id='line_1_35' title="bbox 87 3413 1105 3484; baseline -0.001 -16"><span class='ocrx_word' id='word_1_213' title='bbox 87 3431 159 3468; x_wconf 90' lang='lat' dir='ltr'><strong>cum</strong></span> <span class='ocrx_word' id='word_1_214' title='bbox 179 3414 209 3467; x_wconf 91' lang='lat' dir='ltr'><strong>in</strong></span> <span class='ocrx_word' id='word_1_215' title='bbox 227 3413 385 3484; x_wconf 83' lang='lat' dir='ltr'><strong>elegiacum</strong></span> <span class='ocrx_word' id='word_1_216' title='bbox 403 3417 453 3484; x_wconf 80' lang='lat' dir='ltr'><strong>est,</strong></span> <span class='ocrx_word' id='word_1_217' title='bbox 473 3414 603 3484; x_wconf 88' lang='lat' dir='ltr'><strong>quotiens</strong></span> <span class='ocrx_word' id='word_1_218' title='bbox 622 3433 639 3469; x_wconf 88' lang='lat' dir='ltr'><strong>a</strong></span> <span class='ocrx_word' id='word_1_219' title='bbox 657 3415 711 3470; x_wconf 85' lang='lat' dir='ltr'><strong>fine</strong></span> <span class='ocrx_word' id='word_1_220' title='bbox 730 3432 845 3469; x_wconf 87' lang='lat' dir='ltr'><strong>scansus</strong></span> <span class='ocrx_word' id='word_1_221' title='bbox 859 3414 1015 3483; x_wconf 82' lang='lat' dir='ltr'><strong>elegiacum</strong></span> <span class='ocrx_word' id='word_1_222' title='bbox 1027 3413 1105 3482; x_wconf 80' lang='lat' dir='ltr'><strong>iacit,</strong></span> 
     </span>
     <span class='ocr_line' id='line_1_36' title="bbox 85 3484 1106 3554; baseline 0 -14"><span class='ocrx_word' id='word_1_223' title='bbox 85 3489 123 3540; x_wconf 85' lang='lat' dir='ltr'><strong>ut</strong></span> <span class='ocrx_word' id='word_1_224' title='bbox 143 3488 191 3540; x_wconf 87' lang='lat' dir='ltr'><strong>est</strong></span> <span class='ocrx_word' id='word_1_225' title='bbox 209 3485 274 3540; x_wconf 84' lang='lat' dir='ltr'><strong>hoc:</strong></span> <span class='ocrx_word' id='word_1_226' title='bbox 294 3484 439 3539; x_wconf 87' lang='lat' dir='ltr'><strong>micant’</strong></span> <span class='ocrx_word' id='word_1_227' title='bbox 460 3503 482 3540; x_wconf 91' lang='lat' dir='ltr'><strong>e.</strong></span> <span class='ocrx_word' id='word_1_228' title='bbox 497 3504 523 3554; x_wconf 89' lang='lat' dir='ltr'><strong>q.</strong></span> <span class='ocrx_word' id='word_1_229' title='bbox 539 3504 561 3541; x_wconf 87' lang='lat' dir='ltr'><strong>s.</strong></span> <span class='ocrx_word' id='word_1_230' title='bbox 591 3488 708 3541; x_wconf 84' lang='lat' dir='ltr'><strong>‘aurea</strong></span> <span class='ocrx_word' id='word_1_231' title='bbox 727 3486 867 3540; x_wconf 89' lang='lat' dir='ltr'><strong>sublimi</strong></span> <span class='ocrx_word' id='word_1_232' title='bbox 885 3488 980 3540; x_wconf 80' lang='lat' dir='ltr'><strong>tecta</strong></span> <span class='ocrx_word' id='word_1_233' title='bbox 993 3484 1106 3540; x_wconf 88' lang='lat' dir='ltr'><strong>nitore</strong></span> 
     </span>
     <span class='ocr_line' id='line_1_37' title="bbox 84 3556 1106 3628; baseline 0.001 -18"><span class='ocrx_word' id='word_1_234' title='bbox 84 3556 244 3614; x_wconf 60' lang='lat' dir='ltr'><strong>micant!</strong></span> <span class='ocrx_word' id='word_1_235' title='bbox 273 3557 403 3611; x_wconf 83' lang='lat' dir='ltr'><strong>Fortasse</strong></span> <span class='ocrx_word' id='word_1_236' title='bbox 421 3574 451 3611; x_wconf 90' lang='lat' dir='ltr'><strong>re</strong></span> <span class='ocrx_word' id='word_1_237' title='bbox 471 3575 537 3612; x_wconf 88' lang='lat' dir='ltr'><strong>vera</strong></span> <span class='ocrx_word' id='word_1_238' title='bbox 556 3557 675 3628; x_wconf 84' lang='lat' dir='ltr'><strong>elegiaci</strong></span> <span class='ocrx_word' id='word_1_239' title='bbox 693 3560 795 3627; x_wconf 85' lang='lat' dir='ltr'><strong>poetae</strong></span> <span class='ocrx_word' id='word_1_240' title='bbox 811 3561 889 3612; x_wconf 89' lang='lat' dir='ltr'><strong>sunt:</strong></span> <span class='ocrx_word' id='word_1_241' title='bbox 909 3557 1028 3611; x_wconf 79' lang='lat' dir='ltr'><strong>conficta</strong></span> <span class='ocrx_word' id='word_1_242' title='bbox 1047 3573 1106 3611; x_wconf 88' lang='lat' dir='ltr'><strong>esse</strong></span> 
     </span>
     <span class='ocr_line' id='line_1_38' title="bbox 85 3631 238 3682; baseline 0 0"><span class='ocrx_word' id='word_1_243' title='bbox 85 3631 192 3682; x_wconf 86' lang='lat' dir='ltr'><strong>censet</strong></span> <span class='ocrx_word' id='word_1_244' title='bbox 210 3647 238 3682; x_wconf 86' lang='lat' dir='ltr'><strong>x.</strong></span> 
     </span>
    </p>
   </div>
   <div class='ocr_carea' id='block_1_11' title="bbox 0 0 1326 3982">
    <p class='ocr_par' dir='ltr' id='par_1_11' title="bbox 0 0 1326 3982">
     <span class='ocr_line' id='line_1_39' title="bbox 0 0 1326 3982; baseline 0 9"><span class='ocrx_word' id='word_1_245' title='bbox 0 0 1326 3982; x_wconf 95' lang='lat' dir='ltr'><strong> </strong></span> 
     </span>
    </p>
   </div>
  </div>
 </body>
</html>
