2644 3982
178 228 243 292 300
350 228 399 281 EX
416 227 585 283 INOERTIS
604 226 845 282 INOERTORVM
863 226 1015 282 FABVLIS
1044 169 1054 188 ι

607 395 757 454 LXXXIX

127 522 178 570 160
189 505 292 582 Quam
310 507 414 594 magis
432 529 583 572 aerumna
600 510 707 592 urget,
726 510 793 570 tam
807 507 910 592 magis
924 506 965 570 dd
978 505 1061 570 male
1074 505 1196 570 166166-
1304 499 1305 532 l

819 613 894 676 dum
916 613 1015 699 uiget.

252 742 443 808 Quintilianus
462 745 500 798 IX
514 752 544 814 3,
560 750 593 798 16
616 744 687 798 ‘alia
704 742 910 798 commendatio
927 742 1093 811 uetustatis,
1113 741 1196 796 euius

184 817 294 868 amator
312 814 395 870 unice
413 815 555 885 Vergilius
574 815 641 870 fuit:
665 815 713 869 uel
731 832 794 868 eum
813 831 842 868 se
860 813 996 884 pauidum
1014 816 1112 868 eontra
1129 830 1198 867 mea

183 885 276 955 iurgia
294 886 397 955 iaetat3
422 886 588 957 Progeniem
613 887 671 940 sed
689 886 777 940 enim
795 884 917 940 Troiano
937 903 954 939 a
972 884 1109 956 sanguine
1127 884 1197 938 duci

181 956 325 1011 Audierat.
364 957 487 1023 Quorum
510 957 615 1012 similia
639 958 728 1027 apud
751 960 887 1010 ueteres
910 955 1065 1037 tragicos
1089 955 1196 1009 eonii·
1306 973 1307 1028 j

144 1095 146 1098 v
181 1044 308 1096 eosque
337 1032 402 1082 sunt
428 1028 557 1098 plurima.
601 1029 675 1082 Illud
702 1031 732 1082 66
758 1027 789 1081 in
816 1028 1018 1082 consuetudine
1045 1026 1196 1082 remansit:

182 1098 363 1154 enimuero.
395 1099 446 1153 His
466 1099 586 1169 amplius
605 1100 681 1170 apud
700 1099 831 1154 eundem:
850 1116 926 1152 nam
940 1098 1045 1166 quiete
1059 1097 1199 1151 iuuenum

182 1169 430 1238 confidentissime3
455 1188 510 1239 quo
530 1170 664 1225 sermonis
683 1169 797 1224 initium
814 1169 847 1223 fit
865 1172 905 1224 et:
927 1172 996 1222 tam
1014 1168 1122 1239 magis
1141 1167 1199 1222 illa
1307 1201 1308 1234 ³

181 1245 303 1295 tremens
322 1245 352 1295 66
369 1242 499 1296 tristibus
519 1242 603 1296 effera
621 1241 754 1310 flammis,
777 1240 880 1306 Quam
897 1240 1006 1310 magis
1025 1239 1113 1294 effuso
1132 1257 1197 1292 oru-
1307 1235 1308 1244 ’

182 1313 300 1367 (1666666
328 1313 464 1383 sanguine
487 1329 607 1383 pugnae.
645 1313 721 1381 quod
745 1315 788 1366 est
810 1328 923 1366 uersum
945 1328 979 1365 ex
1001 1311 1066 1366 illo:
1094 1327 1198 1378 quam

182 1383 306 1453 magis’
327 1401 350 1438 e.
370 1402 396 1452 q.
417 1402 438 1439 s.
477 1384 564 1453 ‘pleni
587 1383 693 1437 talibus
717 1383 828 1451 antiqui
852 1385 925 1436 sunt.
962 1381 1045 1436 initio
1065 1381 1197 1435 Eunuchi
1308 1432 1309 1440 ,

183 1454 329 1508 Terentius
403 1471 437 1508 ex
456 1454 562 1509 Graeco
586 1472 652 1509 uero
676 1455 816 1508 translata
838 1454 885 1508 uel
909 1453 1026 1508 Sallusti
1048 1452 1194 1523 plurima.'
1308 1453 1309 1500 l

182 1525 225 1578 le
243 1528 338 1579 vetere
356 1525 504 1596 tragoedia
524 1528 635 1595 sumpta
654 1542 715 1580 esse
733 1528 830 1579 nostra
848 1524 1029 1579 coniecerunt
1041 1523 1147 1593 Regius
1167 1527 1200 1577 et

183 1597 322 1719 Muretus:
340 1613 423 1666 posse
443 1597 479 1649 ad
497 1596 582 1649 Ennii
601 1597 730 1650 Medeam
748 1595 844 1650 referri
864 1596 935 1650 eonl.
954 1595 1117 1665 61666364
1136 1595 1198 1648 dixi

206 1666 251 1721 ist.
270 1669 342 1736 trag.
359 1672 417 1722 153.

257 1781 365 1835 animus
384 1784 571 1853 supplendum
585 1785 693 1838 videtum

663 1948 753 2052 XO!
1029 1993 1054 2048 s

186 2059 250 2136 Qui
273 2061 341 2124 6666
364 2060 435 2124 6616
458 2061 545 2144 quod
567 2061 651 2146 6616,
674 2061 703 2124 61
727 2059 774 2123 166
797 2059 851 2123 dat
874 2061 907 2123 se‘
925 2081 989 2143 res,
1012 2062 1049 2122 ut
1067 2058 1202 2141 opera‘m

824 2164 921 2229 dabit.

258 2295 352 2350 Cicero
373 2296 408 2350 de
426 2299 484 2351 nat.
505 2298 578 2352 deor.
594 2298 633 2351 III
647 2303 689 2365 26,
706 2302 740 2350 66
761 2295 858 2367 ε[Ε66.
877 2295 951 2350 Med.
966 2294 1043 2368 VIII]
1061 2311 1200 2364 parumne

185 2366 349 2421 ratiocinari
376 2367 490 2422 uidetur
517 2371 545 2421 et
569 2368 623 2422 sibi
646 2367 709 2438 ipsa
731 2366 869 2420 nefariam
891 2369 1000 2435 pestem
1022 2365 1200 2420 machinari?

185 2439 258 2492 illud
280 2455 347 2492 uero
370 2456 456 2506 quam
479 2439 583 2493 callida
605 2439 728 2493 ratione!
759 2437 822 2503 Qui
840 2437 917 2491 uolt
935 2454 958 2491 6.
978 2455 1004 2505 q.
1025 2455 1046 2491 6.
1076 2435 1136 2505 ‘qui
1154 2439 1203 2489 666

186 2526 283 2564 uersus
308 2509 432 2564 omnium
455 2510 608 2564 seminator
625 2510 770 2563 malorum.
789 2508 877 2632 idm
896 2509 969 2562 Med.
988 2508 1027 2561 IX
1113 2510 1201 2575 atque

187 2581 304 2635 eadem
322 2581 440 2635 Medea
462 2584 572 2662 patrem
594 2581 770 2650 patriamque
821 2579 900 2649 giens
920 2578 1038 2650 [XCIII.
1068 2577 1146 2646 huie,
1166 2581 1202 2632 66

187 2652 287 2719 666166,
306 2651 346 2706 616
365 2669 400 2706 66
418 2655 491 2706 ratio
511 2652 625 2720 quidem
644 2651 754 2706 defuit!
783 2651 827 2704 Ab
847 2650 938 2704 Ennio
957 2649 987 2702 in
1036 2649 1105 2704 edea
1123 2648 1201 2702 inter

186 2724 219 2778 fr.
234 2723 299 2776 VIII
318 2725 347 2776 et
362 2724 402 2776 IX
419 2724 494 2776 hune
512 2741 538 2777 v.
557 2722 694 2778 insertum
713 2738 774 2776 6666
793 2721 909 2790 6661661,
929 2724 1035 2776 eertum
1054 2737 1115 2775 6666
1133 2736 1201 2774 oon-

187 2794 281 2848 tendit
299 2793 441 2848 Vahlenus
460 2793 518 2848 ind.
537 2794 613 2848 lectt.
635 2799 704 2847 1877
722 2811 749 2862 p.
765 2799 789 2848 8,

258 2925 319 2963 6666
347 2909 408 2963 6016
431 2909 508 2977 quod
530 2908 603 2978 uolt,
632 2909 659 2962 ei
677 2915 791 2977 propter
814 2916 940 2963 occentus
961 2910 1080 2962 mxime
1102 2909 1205 2976 scripsi

188 2981 250 3034 uolt
268 2996 328 3034 esse
347 2981 423 3047 quod
441 2979 503 3034 uolt
522 2980 613 3034 Pelet.
634 2981 758 3048 Vindob„
777 2981 849 3048 quod
862 2986 974 3048 praeter
991 2981 1061 3035 allos
1079 2980 1205 3046 defendit

192 3053 330 3107 Votienus
348 3050 409 3105 uolt
428 3051 503 3118 quod
521 3051 584 3105 uolt
602 3051 699 3106 Leidd.
719 3051 811 3106 ABG
826 3050 888 3106 Eri.

662 3217 730 3278 XOI

187 3330 300 3396 Miseri
314 3333 389 3393 sunt
403 3329 459 3413 qui
474 3331 591 3394 uxdres
606 3330 734 3393 duount.
749 3366 791 3374 —
802 3325 857 3390 'At
872 3330 908 3391 tu
923 3328 1205 3392 (166166161666666.

258 3461 340 3514 Rhet.
360 3460 398 3513 ad
410 3458 531 3514 Herenn.
545 3459 628 3527 1125,
643 3464 678 3512 39
699 3457 784 3512 ‘item
802 3455 937 3511 uitiosum
950 3461 1002 3528 est,
1022 3458 1098 3527 quod
1111 3457 1158 3511 uel
1172 3456 1206 3511 in

188 3533 276 3586 alium
299 3531 346 3584 uel
368 3530 398 3582 in
422 3546 486 3583 eum
509 3529 614 3598 ipsum,
642 3527 691 3596 qui
714 3528 785 3581 dieit
803 3560 836 3568 -
856 3529 931 3596 quod
954 3529 985 3582 in
1008 3528 1205 3583 aduersarium

189 3603 259 3656 dicit
276 3634 311 3642 -
329 3604 425 3671 potest
444 3599 604 3688 conuenire,
623 3599 677 3653 hoe
694 3599 792 3653 modo:
816 3598 947 3653 miseri’
969 3617 991 3654 6.
1012 3618 1038 3667 q.
1058 3619 1078 3655 s.
1115 3599 1205 3654 Posse
