2644 3982
196 211 261 276 288
369 211 419 264 EX
436 209 603 265 INOERTIS
621 209 860 265 INOERTORVM
878 208 1030 263 Flavus

199 372 404 442 Wescabcrpiua
464 377 491 424 ·2
510 371 577 425 Grai
600 370 661 425 lora
683 372 758 440 epist.
783 371 858 425 Med.
878 369 940 426 Pul.
960 369 1043 424 Harl.
1063 367 1128 437 Graj
1155 385 1206 422 ora

194 443 392 498 hartmannus
463 447 479 495 3
503 459 566 496 cum
594 458 624 496 re
651 441 775 496 concidit
798 463 827 511 χ,
854 442 997 496 Bentleiuo
1022 455 1052 494 re
1081 439 1207 494 concidit

195 514 280 568 Rern.
299 516 332 567 ia
348 532 400 584 my.
419 529 478 567 rem
496 511 624 567 condidit
641 514 708 583 Rep.
729 513 801 568 (ἤιά.
820 513 910 567 Brua.
930 512 1004 566 Pub.

677 643 718 702 LI

197 745 284 822 Quae
307 747 373 810 tem
397 746 551 811 terribilis
570 750 626 810 tria
643 749 773 829 pectora
792 744 915 829 turbat,
938 744 1078 809 terrifico
1098 746 1207 809 sonitu

832 850 952 934 inpulit
975 851 1040 914 —?

267 965 408 1019 LI-LIH
421 964 520 1034 fragm.
536 965 570 1018 de
584 966 663 1017 metr.
676 963 752 1018 OGL.
762 963 801 1016 vt
811 969 862 1016 614
872 963 904 1016 Κ.
925 961 1124 1017 ‘Aristobolius
1139 964 1208 1088 [pl]

197 1035 244 1089 hic
262 1035 395 1091 circuitus
412 1035 504 1105 magis
518 1052 603 1103 quam
616 1051 713 1088 uersus
727 1037 777 1089 est.
805 1034 957 1102 Dactylum
971 1033 1099 1087 crebrum
1111 1035 1150 1088 ha
1171 1038 1209 1102 et,

197 1125 292 1161 rarum
319 1106 474 1177 spondium.
512 1108 606 1161 Paeon
634 1105 821 1160 duodenarius
845 1105 924 1177 [LH].
953 1107 983 1158 et
1004 1105 1051 1158 hic
1073 1104 1209 1159 circuitus

197 1178 289 1248 magis
307 1196 392 1247 quam
406 1195 503 1232 uersus
517 1181 569 1232 est.
597 1177 662 1230 huic
677 1177 865 1231 subenmt**
876 1174 1018 1245 (‘suberit’
1035 1179 1061 1246 ς)
1076 1177 1209 1230 denarius

199 1249 303 1321 [me
341 1248 583 1318 (Archebulius
606 1247 667 1302 Nic.
686 1247 802 1302 Loensis
820 1246 921 1317 Epiph.
941 1247 967 1301 V
981 1251 1015 1316 8).
1053 1248 1211 1317 Anapaesti

199 1321 358 1374 tetrametri
376 1323 405 1374 et
427 1337 549 1389 paeones
573 1337 590 1373 a
612 1318 760 1388 tragoedia
779 1318 865 1372 alieni
882 1318 1035 1372 habentur:
1059 1318 1093 1372 cf.
1113 1319 1210 1373 coroll.

199 1391 286 1445 LXVI
295 1409 354 1460 sqq.
381 1394 455 1445 certe
479 1390 537 1444 alia
559 1391 661 1444 desunt
679 1390 819 1459 exempla3
843 1390 971 1458 dactylos
990 1389 1104 1443 subesse
1123 1389 1213 1444 sentit

199 1462 266 1515 Bne.
304 1461 458 1516 sententias
483 1462 583 1515 horum
605 1461 691 1515 trium
708 1460 929 1531 fragmentorum
946 1477 1003 1514 non
1022 1459 1130 1514 alienas
1149 1477 1211 1515 esse

200 1550 218 1586 a
235 1531 352 1586 Pacuvii
369 1532 478 1601 Niptris
496 1532 592 1586 monui
609 1532 676 1585 hist.
694 1534 766 1602 trag.
782 1538 841 1587 276.
879 1530 989 1585 Similia
1007 1534 1040 1584 ut
1057 1531 1090 1586 fr.
1109 1532 1158 1585 LII
1168 1550 1210 1601 sq.

200 1603 318 1672 praebet
336 1603 453 1657 Plautus
472 1603 548 1658 Trin.
569 1608 636 1656 1176
655 1603 757 1657 Bacch.
774 1608 850 1657 1120.

272 1717 345 1768 quae
370 1703 430 1753 tam
453 1702 571 1756 Botbiua
593 1701 782 1771 (intellcpeada
806 1717 861 1754 uox
883 1702 931 1769 est)
955 1700 1095 1767 quaedam
1119 1701 1212 1755 Gelon.

254 1771 325 1825 tuba
343 1772 479 1842 Bembina
542 1771 693 1825 terrificum
712 1769 835 1824 sonitum
853 1772 971 1827 Boetius
1032 1770 1131 1824 intth
1150 1773 1211 1826 Vat.

678 1902 734 1961 LII

202 1995 282 2073 Quis
304 2019 412 2060 meum
434 1997 604 2061 nominans
626 1997 744 2060 nomen
766 1997 885 2080 <aede>
909 1996 1033 2061 exciet‘?

203 2102 282 2180 Quis
306 2104 448 2166 tumultu
471 2103 626 2167 inuocans
647 2103 826 2167 incolarum
848 2103 945 2167 fidem
963 2103 1028 2165 —?

275 2215 378 2268 laede
401 2216 610 2282 Luctantibus,
625 2209 688 2270 'oua
714 2215 769 2269 Col.
842 2221 857 2268 2
875 2214 1000 2270 tumultu
1023 2215 1147 2285 Scaliper
1169 2218 1215 2269 tu-

202 2285 322 2339 multum
341 2286 396 2340 eol.

213 2455 278 2532 Qui
298 2477 412 2539 repens
435 2364 826 2540 sdmissomnnnlffinme
849 2457 979 2542 pulsans
1001 2459 1095 2544 graui

154 2561 325 2646 100<Hds>
347 2562 446 2649 fores,
469 2563 592 2646 cre'pitu
615 2563 736 2627 terret?

278 2681 340 2744 laq.
360 2675 445 2730 Redit
462 2677 500 2730 ad
513 2676 675 2744 procedoaia
747 2675 914 2745 semipulsus
938 2693 1020 2730 onere
1041 2675 1122 2746 graui
1140 2676 1218 2731 fores

205 2744 313 2814 crepitu
331 2748 437 2800 terrent
454 2746 509 2800 001.
564 2747 614 2814 qul
631 2763 652 2800 r.
673 2745 839 2815 semipulsds
854 2763 937 2801 onere
950 2749 1032 2817 graui
1045 2747 1118 2802 fores
1135 2750 1139 2818 l
1156 2751 1217 2803 cre-

204 2815 281 2886 pitus
301 2815 427 2870 adfertur
445 2819 475 2870 et
491 2818 578 2871 terret
595 2819 647 2887 (cel
666 2819 817 2887 exterrens)
835 2818 897 2872 Bae

205 3040 283 3106 Ioue
305 3042 397 3125 patre
419 3046 597 3128 prognatus
620 2949 745 3125 estfirl
762 3041 946 3126 perhibent,
969 3041 1137 3128 Teutalus,
1301 3113 1302 3118 γ

185 3147 258 3222 ,Ex
281 3147 416 3214 Tantalo
440 3153 530 3214 ortus
552 3147 682 3233 Pelope,
705 3170 745 3212 ex
766 3147 885 3232 Pelope
908 3151 1016 3212 autem
1038 3153 1128 3214 satus
1301 3119 1302 3189 l

207 3253 339 3341 Atreus,
362 3257 418 3339 qui
441 3258 587 3319 nostrum
609 3257 707 3338 porro
729 3255 888 3340 propagat
909 3276 1019 3340 genus,

279 3366 468 3433 Quintilianus
482 3367 521 3420 IX
534 3373 563 3435 3,
579 3373 611 3421 57
633 3366 791 3421 ‘inuenitur
809 3367 884 3436 apud
902 3369 1000 3436 poetas
1024 3369 1145 3436 quoque’
1168 3372 1220 3439 (sc.

208 3437 349 3508 padano)
378 3439 426 3490 ‘ut
454 3438 529 3506 apud
552 3438 702 3492 Homerum
729 3438 764 3492 de
793 3439 915 3507 sceptro,
943 3439 1020 3506 quod
1048 3456 1065 3493 a
1089 3440 1155 3493 Ioue
1180 3441 1220 3494 ad

207 3509 446 3579 Agamemnonem
460 3525 548 3576 usque
563 3508 690 3564 deducit:
709 3510 738 3561 et
751 3509 827 3577 apud
841 3511 993 3563 nostrum
1007 3509 1094 3564 etiam
1107 3512 1161 3564 tra
1190 3510 1219 3563 i-
1299 3517 1300 3524 ’

209 3597 293 3634 cum:
326 3579 419 3632 Ioue’
449 3595 472 3632 e.
498 3596 524 3646 q.
552 3596 571 3632 s.
614 3578 761 3632 Diomedes
789 3597 815 3648 p.
839 3585 891 3633 443
910 3580 940 3632 P.
985 3579 1091 3634 eisdem
1122 3529 1219 3636 verlris
