2682 3980
582 247 612 302 L.
632 247 759 303 ACCIVS
1113 251 1176 315 165

649 416 693 474 VI

167 515 230 581 sed
252 516 309 581 ubi
333 518 491 582 adfinem
514 519 648 582 uentum
672 521 720 582 est
743 541 806 602 quo
830 519 923 584 illum
946 520 1014 585 fers
1032 525 1176 607 expecta-

804 624 860 689 bet
883 626 968 712 loeo,

163 730 282 816 'Atque
314 729 460 796 Orestem
495 732 604 818 greiriis
639 732 786 797 sacerdos
822 733 907 796 ferro
939 738 1090 818 prompto
1123 733 1175 798 ad·
1195 748 1229 797 55

235 924 307 982 Non.
327 930 388 994 315,
404 930 437 979 10
457 925 556 996 ‘grav
562 941 590 995 θ’
610 924 711 981 triste)
803 842 953 904 stltuerat

237 1038 250 1086 1
270 1032 368 1089 fanum
382 1032 497 1100 Lipsius
531 1073 533 1080 ι
551 1049 607 1100 quo
628 1032 744 1088 Otiieirrs
763 1031 792 1086 in
811 1049 866 1101 quo
881 1054 902 1088 ω
957 1039 972 1088 2
992 1033 1085 1101 adque
1103 1034 1136 1102 (t.
1153 1051 1173 1088 e.

164 1105 260 1174 atque)
274 1103 301 1156 L
320 1103 358 1156 ad
371 1119 454 1172 quem
470 1104 510 1158 W
524 1105 638 1171 atquem
652 1103 687 1156 H
738 1102 864 1158 Orestem
878 1105 1044 1160 Riisrirelirss
1062 1103 1174 1158 Orestes

165 1196 195 1244 ω,
210 1181 302 1230 taeter
315 1175 377 1228 Bae
390 1181 574 1230 mactatarum
588 1175 743 1245 Eriponem
759 1177 914 1247 inteilepeas
929 1174 1046 1230 Oresten
1061 1175 1175 1230 Grotius

166 1245 275 1300 Orestei
289 1247 332 1300 eei
350 1245 466 1300 Orestae
480 1263 501 1300 n
554 1245 626 1299 ferro
646 1263 709 1299 eum
726 1249 837 1315 promto
853 1246 967 1302 Grotius
1021 1245 1174 1302 adstituere

163 1329 188 1387 ψ
207 1316 350 1371 adtituere
369 1315 445 1370 sistit
463 1318 496 1372 Η
513 1315 628 1371 adsistit
645 1317 707 1372 BG
726 1317 839 1372 adstitit
858 1318 971 1374 Grotius

639 1449 699 1510 VH

163 1551 290 1636 (Nam)
319 1551 514 1636 ququuam
542 1556 717 1638 exanguest
745 1552 860 1636 cerpus
887 1552 933 1616 mi
961 1556 1057 1636 etque
1082 1552 1175 1615 annis

234 1744 305 1799 Non.
327 1749 386 1814 159,
402 1750 435 1798 19
456 1745 588 1814 ‘putret
604 1789 608 1800 .
622 1789 627 1801 .
639 1746 656 1799 .’
801 1661 912 1743 puniet

233 1867 299 1904 nam
326 1851 503 1920 Ritecteiins,
531 1869 582 1907 om.
606 1873 627 1904 ω
705 1854 749 1905 est
776 1867 917 1922 exsangue
944 1852 1064 1906 Bothius
1135 1851 1174 1904 mi

166 1921 284 1976 Boetius
302 1921 372 1975 mihi
391 1943 412 1976 ω

574 2001 764 2062 ALOESTIS

166 2117 247 2183 Oum
270 2120 421 2185 strideret
443 2122 581 2185 retraieta
603 2143 714 2186 rursus
736 2121 848 2185 inferis

233 2230 393 2286 Priscianus
420 2252 446 2314 p.
472 2238 523 2288 867
544 2234 575 2289 P.
614 2233 761 2288 ‘strideo
790 2249 900 2302 quoque
928 2229 1010 2286 stridi
1037 2231 1172 2286 feeit...

162 2301 173 2354 i
206 2305 301 2357 autem
332 2305 392 2357 tarn
423 2322 454 2357 1n
484 2305 628 2375 praesenti
660 2322 745 2373 quam
771 2304 801 2358 in
827 2302 980 2374 praeterito
1007 2303 1174 2372 productam

162 2373 328 2428 hebet..)
366 2375 444 2428 Idem
466 2393 492 2445 p.
513 2381 564 2430 893
579 2377 609 2432 P.
653 2375 781 2430 ‘strido
807 2378 836 2430 et
860 2374 965 2429 strideo
988 2376 1048 2428 tam
1071 2373 1173 2427 tertiae

163 2461 249 2512 quam
263 2445 401 2499 secundae
416 2447 624 2516 coniugationis
637 2446 781 2501 inuenitur
796 2491 800 2500 .
814 2491 819 2502 .
831 2489 855 2502 .,
871 2446 921 2500 sed
934 2447 1003 2515 puto
1018 2443 1174 2514 euphoniae

166 2531 252 2570 eausa
270 2532 327 2570 non
345 2532 406 2571 esse
424 2516 455 2571 in
473 2536 526 2572 usu
545 2519 630 2588 strisi‚
650 2519 700 2572 sed
718 2518 800 2572 stridi
815 2517 868 2574 ...'

234 2616 295 2667 tum
315 2614 394 2670 Gerre.
411 2632 440 2684 p.
461 2621 513 2670 893
568 2615 699 2670 strideret
717 2637 738 2670 ω
754 2635 783 2686 p.
799 2620 850 2670 867
870 2613 996 2670 striderit
1014 2615 1053 2670 ed.
1074 2615 1175 2670 Veneta

215 2702 326 2738 rursum
339 2685 423 2757 Sanp.
440 2688 553 2742 ibidem:
572 2690 607 2756 cf.
623 2689 789 2744 Bitscheiias
806 2705 896 2758 opusc.
911 2687 951 2742 ἸΙ
960 2691 1012 2740 260
1022 2703 1058 2756 sp.
1078 2702 1172 2738 rursus

165 2754 203 2808 ab
222 2756 311 2812 Vossii
327 2775 375 2812 ms.
394 2774 504 2811 rursum
522 2760 559 2813 ab
578 2760 697 2814 Botties

580 2909 758 2969 ALOIMEO

233 3022 275 3076 ne
289 3023 411 3078 nominis
421 3025 544 3080 Aroma
559 3025 650 3080 forma
664 3041 736 3092 quae
751 3024 895 3094 disputavi
909 3025 974 3080 vise
983 3023 1014 3078 sn
1023 2993 1173 3079 aitseheui

161 3109 255 3163 opusc.
274 3094 301 3148 11
315 3100 366 3149 613
377 3113 417 3164 sq.
657 3175 674 3233 Ι

696 3260 771 3323 sues
796 3258 936 3324 deseruit
958 3259 1087 3324 hieros.
1107 3298 1149 3306 —

162 3343 360 3430 Supe'rstites
385 3349 469 3412 sunt.

231 3459 303 3515 Non.
318 3464 379 3528 393,
391 3464 425 3512 24
445 3458 671 3530 ‘superstites
686 3463 794 3514 ueteres
808 3461 952 3530 ponebant
963 3459 1118 3516 incolumes
1130 3506 1135 3517 .
1147 3507 1152 3516 .
1165 3508 1170 3518 .

159 3529 262 3584 Accius
281 3529 485 3585 Aleemeone
501 3532 554 3588 ...⁷
777 3535 781 3544 '

234 3633 292 3697 ηρ.
308 3629 460 3683 descidium
474 3630 593 3686 distinxi
606 3631 675 3702 παρ’.
686 3631 765 3687 Rom.
776 3636 836 3701 502,
846 3632 911 3686 oiim
925 3645 994 3699 quos
1008 3629 1073 3698 d.1.,
1089 3629 1094 3702 i
1111 3647 1171 3699 sup.
