2648 3978
190 236 209 300 6
504 235 623 290 LIVIVS
642 235 876 292 ANDRONIOVS

669 403 713 463 VI

187 507 317 591 Mulier,
341 505 487 591 quisquis
510 505 556 589 e‘s,
579 508 611 568 te
634 505 792 569 uolumus.

257 626 329 681 Non.
354 632 417 695 19⁷,
439 632 470 682 31
507 625 594 680 ‘cuis
626 629 654 681 et
682 627 777 697 generi
805 625 940 680 feminino
968 626 1086 681 attribui
1112 645 1194 697 posse

186 700 313 752 ueterum
332 697 488 752 auctoritas
507 697 618 752 uoluit'

207 865 210 872 .
660 813 719 872 VH

188 913 257 990 Qus
283 913 421 978 Castalia
442 914 500 998 per
523 913 656 979 struices
679 916 789 978 saxeas
812 915 904 998 lapsu
928 913 1043 978 accidit

256 1035 330 1116 Fest.
348 1054 375 1105 p.
391 1042 442 1090 310
456 1037 494 1094 Μ.
524 1036 688 1091 ‘struices
714 1034 824 1104 antiqui
848 1035 981 1089 dicebant
1004 1035 1193 1090 extructiones

188 1123 312 1160 ommum
329 1110 442 1162 rerum’

651 1204 726 1262 VIII

188 1313 289 1390 Quem
312 1336 371 1400 ego
395 1315 580 1379 nefrendem
603 1315 670 1378 alui
692 1315 826 1378 lacteam
850 1314 1031 1399 inmulgeus
1054 1335 1157 1398 opemv

256 1452 339 1507 Pauli
361 1452 460 1507 Festus
479 1472 505 1523 p.
526 1458 576 1507 163
591 1454 628 1507 M.
655 1453 717 1508 ‘alii
740 1452 838 1507 dicunt
860 1452 1046 1506 nefrendes
1070 1452 1193 1508 infantes

187 1539 247 1578 esse
265 1524 390 1578 nondum
408 1524 581 1594 frendentes,
600 1525 630 1577 id
645 1528 688 1579 cst
702 1525 870 1594 frangentes.
901 1522 1064 1579 Liuius...'
1094 1524 1193 1578 Festus
1276 1588 1278 1592 ¹

185 1612 212 1663 p.
229 1600 279 1648 162
294 1596 331 1650 M.
362 1594 460 1650 ‘...ri
483 1611 580 1663 quem
603 1605 700 1666 egos]
714 1638 934 1652 .............
950 1597 1099 1664 sopem.’
1139 1595 1194 1650 Ob-

187 1664 361 1720 scurissimas
390 1665 543 1736 scripturae
566 1667 700 1735 reliquias
724 1667 860 1721 Thewrck
883 1666 918 1720 de
940 1666 1032 1719 Pouor
1056 1666 1194 1735 expressit

188 1737 222 1790 ‘t
247 1753 330 1806 quem
353 1754 368 1792 e
389 1754 404 1792 o
423 1741 458 1791 ri’
480 1753 502 1792 e.
523 1755 550 1806 q.
569 1755 590 1791 s.
618 1738 653 1792 cf.
676 1737 867 1793 Reitzenstein
885 1736 992 1791 Verrin.
1017 1737 1130 1794 Forsch.
1151 1743 1193 1792 91.

186 1808 267 1864 Thes.
290 1825 353 1862 nov.
369 1755 422 1864 iat.
441 1808 472 1862 in
489 1807 547 1862 Mai
567 1811 639 1864 auct.
660 1809 739 1862 class.
755 1809 821 1863 VIII
838 1827 864 1878 p.
880 1813 931 1861 378
943 1825 982 1875 sq.
1010 1807 1072 1861 ‘alii
1097 1811 1193 1863 autem

186 1877 284 1933 dicunt
301 1880 482 1934 nefrendes
501 1879 632 1949 infantes,
651 1880 733 1948 quasi
748 1879 873 1934 noudum
886 1878 1046 1933 frendentes
1118 1881 1193 1934 uude

185 1949 348 2005 Naeuius:
364 1951 501 2019 quem...'
514 1967 536 2006 e.
547 1968 573 2018 q.
585 1969 606 2006 s.
628 1950 706 2005 Idem
720 1970 746 2021 p.
758 1955 810 2004 214
827 1949 889 2003 ‘hic
902 1949 1054 2019 nefreus‚
1070 1950 1122 2019 dis,
1138 1951 1155 2006 i.
1168 1967 1191 2007 e.

185 2019 278 2074 infans
292 2021 374 2089 quasi
387 2022 512 2075 nondum
525 2021 671 2077 frendens.
683 2065 690 2077 .
701 2064 707 2075 .
718 2021 791 2074 unde
801 2020 933 2076 Liuius:
948 2037 1031 2089 quem
1042 2065 1047 2074 .
1059 2065 1063 2075 .
1075 2023 1092 2075 .'
1105 2038 1127 2076 e.
1137 2040 1192 2090 qs.

186 2091 225 2146 of.
244 2091 375 2146 Placidus
394 2092 458 2148 dal.
473 2093 499 2147 V
513 2099 556 2162 33,
570 2099 603 2146 39
625 2092 795 2147 ‘nefredem’
817 2108 839 2146 e.
859 2109 885 2159 q.
905 2109 926 2146 s.

256 2217 300 2271 De
316 2233 353 2270 ue
368 2219 510 2286 particula
527 2219 559 2272 iu
576 2219 702 2289 symbolis
714 2218 898 2288 praumatus
911 2217 1052 2288 (Bcitrdpe
1066 2233 1088 2271 z.
1104 2218 1191 2273 chre

185 2301 237 2342 oon
264 2289 289 2342 d.
316 2290 422 2372 latofa-
438 2290 590 2357 Partr'kolu)
613 2307 642 2358 p.
663 2294 695 2341 12
710 2305 747 2358 sq.
777 2293 811 2342 46
825 2304 862 2411 sp.
878 2289 1017 2374 ¹disserui.
1039 2357 1044 2368 ι
1064 2289 1193 2370 Fortasse

185 2365 354 2428 septenarum
376 2360 445 2428 fact.-
467 2377 550 2428 quem
572 2361 624 2429 ego
647 2359 809 2414 nefrendem
827 2375 886 2412 au1
905 2357 1067 2432 (educam)
1087 2359 1106 2413 Ι.
1125 2378 1142 2413 1.
1164 2378 1189 2415 o.

667 2528 710 2586 IX
731 2611 842 2674 dusmo
865 2607 901 2674 iu
923 2609 993 2674 loco

256 2730 339 2785 Pauli
361 2731 459 2786 Festus
479 2750 506 2802 p.
522 2738 555 2785 67
574 2732 610 2786 M.
650 2731 782 2785 ‘dusmo
810 2731 845 2784 iu
872 2731 949 2785 loco
978 2730 1053 2801 apud
1080 2730 1193 2785 Liuium

188 2800 328 2871 siguificat
350 2802 498 2856 dumosam
519 2802 625 2857 locum:
649 2801 760 2870 antiqui
784 2803 858 2856 euim
881 2801 1085 2857 interserebant
1104 2802 1121 2856 S
1145 2801 1193 2856 lit-

187 2875 277 2927 teram
288 2917 293 2926 .
305 2916 311 2927 .
323 2875 340 2926 .’
362 2872 396 2926 cf.
416 2873 547 2928 Placidus
566 2872 596 2926 in
615 2873 679 2928 cel.
700 2873 725 2926 V
740 2879 773 2926 63
789 2873 819 2928 G.

677 3025 704 3081 X

134 3143 169 3192 40
187 3131 362 3198 Puerarum
385 3133 533 3198 manibus
556 3133 736 3198 confectum
759 3133 949 3218 pulcerrime

257 3272 415 3327 Priscianus
438 3290 465 3341 p.
485 3277 535 3325 697
549 3271 578 3326 P.
619 3273 736 3341 ‘puera
764 3271 896 3326 dicebant
924 3270 1115 3340 antiquissimi
1130 3316 1135 3328 .

187 3343 304 3398 Liuius
323 3343 353 3397 in
373 3343 496 3398 Odissia:
515 3358 579 3396 mea
596 3359 696 3414 puera,
719 3342 788 3410 quid
806 3343 886 3397 uerbi
904 3359 939 3396 ex
957 3346 1006 3398 tuo
1026 3360 1073 3398 ore
1092 3359 1193 3413 supera

187 3413 268 3484 fugit.
306 3414 395 3469 idem
414 3413 514 3470 alibi:
532 3415 692 3483 puerarum’
714 3430 736 3468 e.
757 3431 823 3482 qs.

257 3541 407 3608 senorium,
429 3557 486 3594 acu
509 3537 671 3594 Sofronium
693 3555 746 3593 esse
765 3539 893 3607 probauit
915 3537 977 3592 Bac
1000 3555 1067 3593 aaa.
1085 3540 1192 3608 phileti.

188 3615 256 3664 1863
272 3629 301 3681 p.
321 3617 380 3666 331.
416 3609 583 3680 pulcerrime
602 3609 755 3664 Corolirub.
775 3607 960 3678 pulcherrime
980 3629 1001 3677 φ
