2662 3978
531 216 562 304 Q.
581 215 717 272 ENNIVS
1090 217 1131 282 79

118 392 169 430 suo
193 375 300 430 lumine
323 375 418 430 lumen
436 377 522 432 Rern.
545 394 560 432 c
581 377 654 432 Oetl.
736 377 771 430 de
794 392 862 431 suue
885 375 903 430 l.
925 393 950 430 a.
970 376 1040 431 fecis
1060 377 1131 432 Her·

116 449 259 502 socrdem
272 447 660 515 Mnester.u.e.21fasc.4
714 448 826 516 equod
839 465 944 520 praem.
963 449 1048 504 Bere.
1067 466 1082 503 c
1100 451 1132 503 ut

120 519 192 573 ode.
217 519 308 573 Boset.
380 517 436 588 ipsi
459 516 536 573 lucet
554 539 575 572 ω
598 520 683 586 infru.
716 517 772 588 ipsi
790 519 885 574 luceat
902 536 988 589 cupro
1006 520 1131 576 Amtroe.

117 589 376 716 gambssfnfflml'
392 589 477 646 Rem.
492 591 528 646 tc
546 588 602 660 ipsi
620 592 654 643 ut
670 589 766 645 luoeet
779 590 864 646 Rem.
879 609 898 646 o
915 593 948 644 ut
966 589 1021 660 ipsi
1037 590 1133 646 lucent

145 677 184 732 ⁶9·
274 705 279 715 ·
686 728 688 732 .

117 840 254 924 ...pol
276 839 358 906 mihi
381 840 513 906 fortune
535 842 639 930 migis
661 862 747 906 nuno
770 841 848 906 defit
871 841 967 926 que‘m
989 864 1099 929 genus.

115 945 267 1031 Nquue
284 968 420 1034 regnum
439 948 631 1033 suppetebat
648 948 703 1033 mi,
721 951 760 1012 ut
777 949 859 1013 scias
875 952 996 1033 quanto
1011 949 1028 1012 6
1041 949 1122 1034 loco,
1132 971 1185 1020 370

118 1052 255 1131 Quintis
278 1053 409 1141 opibus,
432 1053 551 1139 quibus
573 1055 610 1120 de
628 1055 725 1120 rebus
743 1054 833 1140 leipse
850 1055 981 1120 fortune
999 1054 1131 1120 occidat.

193 1173 289 1230 Cicero
308 1175 389 1230 Cluso.
409 1174 479 1245 disp.
495 1175 533 1230 ΠΙ
548 1181 589 1244 19,
604 1181 639 1230 44
659 1177 866 1245 ‘quaerendum
883 1175 979 1248 igitur,
998 1177 1131 1246 quemad-

118 1246 235 1300 modum
253 1245 431 1328 aegritudine
448 1245 591 1318 priuemus
610 1264 687 1316 eum,
705 1245 754 1317 qui
772 1246 815 1304 ito
833 1245 922 1303 dicut:
945 1247 1008 1316 pol'
1029 1263 1052 1303 e.
1067 1265 1094 1316 q.
1109 1265 1130 1302 s.

121 1317 232 1382 ‘Quidr
254 1317 321 1372 huic
344 1316 418 1372 calix
440 1317 525 1372 mulsi
546 1318 734 1388 inpingendus
753 1321 808 1386 est,
831 1320 864 1373 ut
881 1317 992 1390 plorare
1011 1317 1131 1386 desinet,

119 1391 171 1442 eut
198 1387 309 1457 aliquid
336 1387 492 1445 eiusmodi?
528 1389 599 1444 Ecce
622 1389 677 1444 tibi
699 1406 734 1444 ex
756 1389 846 1444 alteru
868 1392 949 1460 perte
973 1389 1009 1444 eb
1033 1389 1131 1444 eodem

117 1462 204 1530 poete
223 1461 298 1543 [8ss
337 1459 489 1530 Thyestem
510 1461 607 1516 monui
630 1460 759 1530 intellegi
782 1463 811 1514 et
833 1478 897 1515 cum
919 1460 973 1515 inc.
997 1460 1050 1515 inc.
1072 1459 1129 1514 fab.

117 1531 193 1586 LVII
212 1530 346 1601 comungi
363 1548 454 1601 posse.
675 1535 677 1542 “

191 1644 207 1691 2
231 1637 270 1691 mi
290 1638 404 1694 Grotius
421 1637 491 1692 mihi
510 1659 532 1692 ω
599 1644 616 1691 3
638 1638 714 1694 lasse
738 1641 818 1696 Viud.
838 1659 857 1696 a
879 1640 994 1696 Movet
1057 1639 1131 1694 acci-

117 1709 170 1763 det
186 1719 211 1778 ψ
230 1710 265 1778 cf,
283 1728 309 1765 o.
323 1714 375 1764 206

575 1789 672 1848 XXXI

118 1888 182 1967 Qui
205 1889 326 1974 templs
348 1890 428 1954 caeli
451 1893 577 1954 summe
598 1890 707 1954 sonitu
731 1891 876 1957 concutit

190 2010 337 2066 Terentius
362 2027 424 2065 eun.
448 2011 487 2065 Ill
506 2016 535 2080 5,
549 2017 584 2066 42
610 2010 754 2065 ‘tabulam
776 2012 919 2082 quendum
941 2012 1060 2083 pictum:
1087 2012 1129 2066 ibi

117 2081 212 2136 inerat
229 2081 339 2151 pictura
356 2082 440 2150 hoec,
463 2083 559 2137 Iouem
580 2085 584 2152 Ι
605 2082 665 2147 Quo
684 2085 767 2152 pecto
786 2081 902 2138 Densus
920 2082 1030 2138 misisse
1049 2084 1130 2138 siunt

116 2153 262 2223 quondum
287 2152 318 2206 in
344 2153 482 2235 gremium
509 2152 628 2208 imbrem
653 2170 776 2208 aureum.
798 2157 803 2225 1
823 2154 942 2224 Egomet
965 2171 1075 2223 quoque
1098 2154 1129 2208 id

117 2227 246 2294 spectare
273 2240 365 2295 coepi:
394 2228 423 2279 ot
450 2223 518 2293 quic
545 2224 720 2280 consimilem
747 2224 854 2280 luserat
874 2230 878 2294 Ι
897 2225 958 2280 Iam
985 2225 1053 2280 olim
1079 2223 1128 2280 ille

116 2295 224 2364 ludum,
242 2295 375 2364 inpendio
393 2295 485 2366 magis
504 2295 614 2350 enimus
633 2296 778 2366 gaudebat
795 2295 873 2365 mihi,
890 2298 894 2367 Ι
910 2296 1001 2350 Deum
1019 2312 1079 2350 sese
1097 2295 1128 2350 in

115 2367 239 2490 prllffium
262 2366 447 2490 conuertisse,
456 2369 556 2492 f{etque
573 2365 610 2490 fin
619 2367 741 2492 tlallienes
751 2366 1128 2508 ltegul'esAltVenissedclan}

117 2456 131 2492 c
163 2455 213 2491 um
234 2454 285 2507 per
306 2455 434 2507 puumm
488 2455 551 2492 eum
586 2455 619 2492 so
652 2457 681 2492 m
702 2456 750 2494 mu
773 2454 821 2492 en.
925 2454 1009 2507 quem
1051 2455 1127 2494 eum,

117 2509 166 2577 qui
184 2508 302 2589 temple)
323 2525 346 2563 e.
361 2527 388 2578 q.
404 2528 424 2563 s.
453 2509 581 2591 Donatus
600 2509 637 2563 ud
650 2508 672 2590 ¹:
684 2510 703 2563 l.
724 2509 830 2591 ‘sonitu
848 2509 987 2592 concutit]
998 2507 1129 2592 duomilia

117 2579 420 2705 lgnEffl'effoempla
444 2580 528 2652 caeli]
552 2583 693 2635 sententuc
711 2583 833 2651 tragice,
858 2580 907 2634 sed
926 2581 961 2635 de
979 2581 1127 2650 industria,

566 2731 679 2790 XXXII

117 2831 236 2918 Lubet,
258 2831 412 2897 labuntur
434 2831 524 2919 sinc,
547 2833 729 2897 caementee‘
752 2831 877 2896 cedunt.

188 2953 260 3009 Non.
281 2957 340 3023 196,
356 2958 391 3007 80
411 2953 604 3008 ‘caementa
676 2952 805 3008 feminini
822 2952 929 3008 Ennius
945 2993 969 3011 ..
982 2954 999 3007 .'

189 3058 325 3115 labuntur
334 3061 392 3116 edd.
405 3059 608 3114 lcbcbunturo
662 3061 825 3114 caementue
835 3059 940 3116 anios
950 3064 1127 3116 caementum

561 3228 690 3286 XXXIII

490 3328 570 3393 caeli
592 3330 739 3415 ingentes
762 3328 902 3394 fornices

190 3450 280 3505 Varro
299 3449 334 3503 de
353 3449 370 3504 l.
390 3449 408 3503 l.
428 3449 502 3504 V19
516 3449 552 3504 M.
592 3451 625 3503 ‘e
649 3449 719 3504 chao
743 3467 844 3504 cauum
868 3453 896 3504 et
914 3450 979 3504 hinc
998 3449 1129 3505 caelum

175 3524 206 3576 et
223 3519 331 3574 Ennius
349 3519 419 3575 item
437 3520 475 3575 ud
493 3520 684 3576 cauetionem:
703 3521 776 3575 caeli
793 3521 812 3576 i.
831 3522 867 3575 f.’
897 3520 992 3577 Cicero
1007 3521 1042 3574 de
1057 3524 1126 3575 oret.

114 3592 154 3648 III
165 3597 215 3663 40,
230 3597 282 3648 162
302 3593 374 3660 ‘quo
392 3592 423 3646 in
440 3607 541 3663 genere
558 3589 680 3664 primum
698 3595 742 3648 est
759 3592 895 3664 fugiende
914 3591 1127 3647 dissimilitudo:
