2662 3978
528 222 565 278 M.
585 217 764 276 PACVVIVS
794 235 797 242 '
1086 223 1147 286 151

142 382 294 437 Medeam
322 382 500 436 adnectam
527 397 586 451 per
614 386 693 435 aera
715 381 749 435 in
772 383 876 436 raeda
899 381 1094 452 anguibus‚’
1119 382 1150 436 in

142 451 244 522 quibus
262 453 349 506 verba
368 454 432 522 ‘per
450 455 516 507 adra
534 452 565 506 in
582 470 603 506 r.
624 454 660 508 a.’
685 452 837 507 iambicum
854 469 1000 506 numerum
1017 454 1148 523 produnt.

142 525 197 579 Vix
212 523 329 577 dubium
342 523 410 591 quin
423 525 461 577 ad
475 523 588 578 Medum
601 524 655 577 hoc
669 523 701 577 fr.
715 524 903 577 revocandum
917 524 967 592 sit3
982 540 1016 578 ac
1029 525 1149 578 fortasse

76 607 79 614 ¹
143 596 242 651 eodem
260 594 403 664 pertinent
420 594 453 648 fr.
472 594 601 649 XXXVII
619 597 648 649 et
665 594 812 648 XXXVIII.

478 744 482 756 .
575 744 717 802 XXXVII
778 740 780 744 .

143 901 150 913 .
175 900 182 912 .
207 901 212 913 .
235 846 360 912 uolucri
383 846 484 911 crirrIt
507 868 565 910 axe
588 845 773 932 quadriugc.
1150 829 1202 877 398

165 969 167 974 '
214 966 336 1021 Isidorus
356 951 443 1022 differ.
459 972 492 1020 47
518 966 693 1021 ‘uolucres
717 969 813 1020 autem
829 983 886 1021 non
905 966 996 1021 solum
1013 983 1081 1021 aues
1099 918 1202 1021 uo-399

142 1056 247 1105 camus,
266 1038 316 1092 sed
330 1037 524 1108 quadrupedes
538 1036 626 1091 nimia
639 1037 807 1107 pernicitate
821 1037 971 1105 currentes,
991 1039 1040 1091 sed
1053 1041 1149 1093 tamen

142 1128 207 1165 cum
225 1109 395 1178 adiectione,
414 1112 534 1178 utputa
552 1109 695 1162 uolucrem
714 1123 829 1176 equum,
848 1107 990 1163 uolucrem
1008 1108 1148 1179 tigridem.

142 1180 182 1236 Vt
201 1184 243 1235 est
260 1180 333 1234 illud
350 1179 470 1235 Pacuui:
490 1179 614 1233 uolucri'
635 1195 657 1233 e.
678 1197 703 1248 q.
724 1197 744 1234 s.
790 1202 794 1211 ·

47 1338 51 1345 .
112 1339 116 1347 ,
214 1287 314 1340 Medea
333 1303 438 1340 cerem
455 1288 563 1355 expleat
615 1284 783 1356 quadriiuga
801 1287 911 1356 scre'pei:
930 1287 965 1354 cf.
985 1287 1061 1342 Era.
1076 1303 1099 1342 e.
1116 1292 1149 1340 92

142 1361 234 1414 coroll.
253 1365 322 1428 trop.
342 1357 455 1411 XLVIII
473 1374 536 1412 omn.
557 1355 667 1411 CXXIII
685 1357 823 1430 quadriga
842 1379 863 1412 o

142 1582 323 1674 Paussslum
345 1607 474 1692 repeda,
497 1607 606 1694 gnita
629 1629 648 1670 a
670 1607 831 1671 uestibuld
854 1608 997 1694 gradum.
1151 1613 1205 1675 400

143 1800 154 1854 l
209 1729 313 1827 ’Festus
330 1747 358 1798 p.
374 1734 423 1784 281
439 1729 475 1784 M
515 1728 709 1797 ‘repedare,
727 1728 864 1783 recedere.
896 1729 1058 1786 Pacuius:
1081 1748 1151 1801 pau-

155 1818 203 1854 um
239 1817 307 1868 eq.
328 1818 348 1855 s.

137 1905 139 1910 '
213 1905 370 1976 pauxillum
391 1907 420 1961 O.
438 1867 590 1962 Muellerus
607 1897 724 1974 paulum
741 1907 797 1960 cod.
852 1907 956 1976 repeda
975 1908 1091 1963 Vestras
1109 1926 1151 1963 re-

145 1979 215 2032 cede
234 1980 290 2033 cod.

199 2121 201 2126 ,
516 2105 518 2112 .
584 2055 710 2113 XXXIX

144 2158 233 2236 Quae
256 2162 363 2222 merim
386 2156 518 2220 uenenis
541 2155 632 2219 fle‘xit
655 2156 777 2220 socium
801 2158 939 2239 pectora.

215 2278 326 2336 Servius
340 2279 410 2331 Dan.
430 2276 460 2330 in
473 2277 541 2330 Aen.
557 2276 582 2330 V
597 2282 630 2330 28
652 2276 773 2331 ‘flecte
792 2279 886 2331 autem
905 2276 1046 2347 signiticat
1062 2282 1150 2347 muta,

143 2351 296 2406 Pacuuius:
329 2351 416 2417 quae’
447 2364 469 2401 e.
489 2365 515 2415 q.
536 2364 556 2402 s.
598 2347 684 2402 Recte
712 2347 830 2402 Bothius
858 2347 949 2402 Circes
982 2365 1089 2402 venena
1121 2349 1151 2404 in

144 2422 254 2492 Niptris
272 2421 427 2474 memorata
445 2417 594 2472 intellexit.
958 2431 961 2438 ·

622 2532 674 2590 XL

674 2697 677 2704 .
729 2617 863 2681 eundem
886 2616 976 2684 fssios

146 2726 216 2792 Sibi
239 2726 422 2810 prdcreasse
444 2725 502 2807 per
527 2722 730 2807 Calipsonem
753 2727 929 2788 adtumant.

216 2845 375 2910 Priscianus
392 2862 420 2914 p.
440 2849 491 2898 686
510 2844 539 2900 P.
579 2843 624 2898 ‘in
647 2861 663 2899 ο
683 2845 851 2914 productam
869 2844 1027 2899 desinentia
1046 2844 1153 2900 Graeca

134 2921 211 2974 ‚sunt
235 2915 371 2972 feminina
392 2918 424 2970 et
445 2915 493 2969 uel
516 2915 619 2970 Graece
643 2915 889 2971 declinantur...
909 2916 955 2970 uel
979 2915 1077 2970 addita
1098 2916 1152 2970 nis
1225 2953 1228 2962 ·

144 2989 254 3044 faciunt
276 2986 451 3058 genetiuum,
475 2989 507 3040 ut
528 2985 602 3042 Dido
620 2986 746 3041 Didonis.
783 2986 884 3040 Accius
904 2987 980 3058 [386]
998 2987 1151 3043 Pacuuius:

145 3060 233 3115 filios’
255 3075 277 3114 e.
293 3077 319 3127 q.
334 3077 355 3112 s.
383 3058 468 3139 paulo
487 3057 573 3120 infra:
594 3059 681 3126 ‘quod
699 3060 794 3112 autem
811 3057 886 3112 lonis
905 3061 934 3112 et
948 3057 1151 3128 Calypsonis

145 3135 175 3186 et
197 3129 315 3185 Didonis
341 3129 456 3197 dicitur,
484 3128 608 3182 ostendit
633 3128 686 3182 hoc
709 3128 796 3183 etiam
819 3128 970 3183 Caesellius
988 3127 1100 3183 Vindex
1122 3130 1153 3184 in

145 3205 298 3257 stromateo
316 3199 361 3254 his
379 3199 495 3255 uerbisr·
506 3199 737 3269 Calypsonem.
766 3199 808 3254 ita
827 3200 998 3254 declinatum
1015 3204 1059 3255 est
1077 3202 1154 3270 apud

147 3273 287 3341 antiquos.
323 3270 420 3325 Liuius
441 3314 446 3325 .
464 3315 469 3325 .
485 3313 491 3324 .
510 3270 638 3326 Ennius.
655 3315 661 3326 .
678 3270 819 3326 ,Accius’
862 3271 1004 3326 Charisius
1027 3290 1053 3341 p.
1073 3278 1106 3326 47
1121 3273 1152 3326 P.

147 3343 215 3398 ‘sed
244 3342 345 3397 melius
373 3344 448 3396 esset
475 3342 627 3396 secundum
653 3341 786 3395 Latinam
812 3342 1043 3397 consuetudinem
1069 3343 1170 3408 huius¹

146 3414 312 3485 Sepphoris,
331 3413 449 3468 Didonis
469 3411 568 3467 dicere.
605 3413 680 3466 Nam
698 3416 726 3467 et
743 3412 881 3468 Pacuuius
901 3413 941 3468 sic
960 3413 1084 3469 declinat
1099 3416 1151 3471 ...'

145 3485 255 3556 Niptris
274 3483 399 3539 reddidit
416 3483 519 3538 Delrio.
1155 3501 1159 3508 ·

125 3635 127 3640 .
219 3599 294 3676 loq..
313 3589 385 3645 filios
414 3589 469 3644 sibi
496 3607 657 3660 procreasse
685 3591 803 3646 eundem
831 3591 972 3647 Charisius
998 3588 1071 3644 filios
1100 3591 1155 3646 sibi
1178 3609 1181 3615 ·
