2644 3982
559 258 740 316 PAOVVIVS

464 537 517 622 M.
549 536 836 626 PAOVVIVS

574 681 732 771 estuve

642 837 658 895 Ι

145 935 243 1000 Pater
264 959 426 1022 supreme,
449 937 579 1002 nestrae
600 936 751 1023 progenis
771 937 873 1022 patris
960 928 963 934 ’

218 1057 325 1112 Gellius
344 1058 444 1126 IX14,
459 1064 493 1112 13
514 1057 566 1112 ‘sic
586 1061 681 1113 autem
699 1057 759 1112 dies
779 1058 819 1111 dii
838 1075 856 1112 a
874 1059 1017 1114 ueteribus
1036 1060 1159 1115 declina-

147 1131 208 1182 tum
227 1131 283 1198 est,
307 1131 341 1182 ut
358 1129 447 1183 fames
465 1129 549 1198 fami,
571 1129 709 1198 pernicies
722 1129 853 1210 pernicii,
877 1131 1058 1201 progenies
1082 1149 1174 1201 pr0-.

147 1199 256 1269 genii,
283 1200 408 1255 luxuries
436 1199 552 1269 luxurii,
581 1200 655 1254 acies
679 1200 734 1254 acii
750 1244 826 1256 .....
842 1201 982 1256 Pacuuius
1004 1203 1035 1256 in
1057 1203 1158 1260 Paulo:

146 1271 239 1340 pater'
260 1287 283 1327 e.
302 1289 329 1338 q.
350 1289 371 1326 s.
406 1271 479 1326 Non.
498 1290 525 1341 p.
540 1277 634 1340 49034
654 1271 848 1342 ‘progenii’

216 1394 268 1431 nos
286 1379 382 1432 nostre
400 1379 447 1432 Ba
465 1379 556 1433 Nonii
617 1377 735 1448 progeni
753 1379 844 1434 Nouii
861 1400 896 1450 co¹
946 1380 1082 1436 Additum
1100 1387 1159 1436 crat

146 1450 317 1519 insequenti
334 1465 414 1504 casu
430 1449 595 1520 progenitor
611 1451 654 1505 ccl
671 1450 794 1506 ebenus:
813 1451 848 1518 cf.
867 1451 929 1506 tier.
948 1459 1017 1523 trag.
1032 1457 1084 1506 329

634 1593 666 1652 II

145 1691 241 1782 Nunc
264 1697 296 1758 te
320 1694 475 1778 obtestor,
498 1693 599 1758 celere
623 1699 733 1759 sancto
757 1695 894 1759 subueni
917 1696 1074 1761 censorio!
1179 1667 1195 1713 ²

218 1813 290 1869 Non.
305 1821 396 1885 510,8
418 1815 545 1869 ‘celere
562 1832 613 1885 pro
632 1815 767 1870 celeriter.
799 1815 930 1871 Nouius
948 1817 1051 1872 Paulo:
1071 1818 1156 1870 nunc'
1178 1753 1195 1801 3

146 1901 170 2009 ξ.
190 1904 216 1954 q.
236 1886 475 2010 smffacuuius
493 1886 593 1940 Junius
611 1887 641 1940 in
659 1905 715 1957 mg.
734 1887 864 1941 Neuius
883 1888 926 1942 ed.
944 1891 997 1958 pr.)
1034 1887 1074 1942 ef.
1092 1887 1159 1942 hist.

159 1973 218 2025 rag.
294 2000 299 2011 .

219 2056 669 2133 1·sq.SeptcuwriumsaosttBue
718 2079 792 2116 nunc
805 2080 880 2117 nunc
894 2064 1073 2118 Hermuwuus
1086 2079 1160 2116 nunc
1207 2110 1209 2114 .
1306 2063 1307 2070 ³

147 2133 196 2187 ted
211 2133 333 2204 Scaliger
388 2134 485 2186 sancte
499 2132 678 2188 Hermotimus
730 2133 886 2188 tcensorio
901 2137 1005 2191 conieci
1017 2135 1160 2188 censoriae

148 2205 228 2260 BuL
246 2203 371 2258 censorie
391 2225 413 2273 φ
432 2203 541 2257 censori
559 2204 668 2258 Atdiuo
685 2220 783 2258 censor
801 2206 979 2260 Romaanus

630 2344 677 2404 III

51 2507 60 2522 ,
146 2444 243 2511 Niuit
265 2445 407 2532 sagittis,
429 2445 564 2530 plumbo
588 2449 621 2510 et
643 2447 729 2510 saxis
752 2447 932 2533 grandinat.

217 2568 289 2623 Non.
310 2573 370 2636 507,
386 2573 420 2621 27
441 2567 548 2622 ‘uiuit
565 2583 616 2636 pre
634 2567 767 2637 unguit)

217 2674 292 2729 uiuit
317 2672 430 2744 sagittis
455 2674 645 2730 Hectreiecruta
667 2672 740 2728 tntae
758 2653 824 2730 'crit
845 2680 877 2729 12
903 2675 1015 2746 sagittis
1037 2676 1112 2731 uiuit
1130 2678 1165 2732 H

147 2745 278 2816 sagittis,
289 2764 338 2802 om.
358 2743 440 2813 uiuit,
459 2766 490 2814 φ,
510 2747 573 2800 odd.
592 2747 624 2799 iu
641 2746 695 2812 fune
713 2746 778 2800 Alo.

632 2877 676 2935 IV

147 2979 217 3056 Qua
239 2979 297 3044 uix
320 2979 491 3066 caprigeno
515 2979 625 3066 ge'neri
648 2979 782 3064 graditis
804 2981 927 3066 gressio
951 2985 1008 3046 est.
1178 2993 1195 3041 5
1306 3041 1307 3052 .

216 3099 375 3154 Priscianus
394 3119 421 3170 p.
437 3106 488 3154 677
503 3101 533 3156 Ρ.
564 3100 629 3154 ‘sed
653 3100 843 3172 antiquissimi
865 3101 912 3155 hie
936 3102 1111 3174 alienigenus
1130 3108 1160 3158 et

146 3170 216 3225 haee
236 3170 396 3240 alienigena
410 3174 439 3226 et
452 3171 505 3225 hoc
520 3171 710 3241 alienigenum
724 3171 858 3227 dicebant
873 3217 914 3228 ...
929 3190 1052 3229 necnon
1066 3177 1160 3230 cetera

147 3241 277 3295 similiter
296 3259 313 3296 a
331 3259 432 3312 genere
451 3241 607 3312 composita
625 3242 818 3311 proferebant,
841 3245 1059 3316 caprigenae,
1079 3246 1159 3300 terri-

146 3329 247 3384 genus,
266 3313 446 3384 taurigenus,
465 3313 550 3382 idque
569 3331 636 3366 usus
655 3314 821 3369 confirmat.'
858 3315 1019 3370 Macrobius
1033 3317 1072 3371 VI
1086 3323 1110 3386 5,
1127 3324 1161 3371 14

104 3421 111 3437 .
147 3383 445 3454 ‘caprigenumque
467 3402 553 3455 pecus
576 3384 655 3438 nullo
675 3385 791 3439 custode
809 3401 859 3455 per
876 3387 986 3442 herbas.
1019 3387 1160 3442 Pacuuius

144 3455 176 3508 in
194 3454 296 3510 Paulo:
316 3456 456 3522 quamuis'
472 3473 501 3532 e.
521 3474 547 3524 q.
567 3473 587 3509 s.

217 3579 273 3630 qua
292 3561 341 3614 uix
359 3561 538 3618 Hermauuua
556 3580 613 3632 qua
632 3562 681 3616 uia
694 3563 838 3618 Priscim
851 3565 975 3620 Kerotir.
991 3564 1074 3636 Sauy.
1093 3564 1161 3633 quia

145 3632 194 3687 uia
212 3633 280 3704 Rep.
300 3634 399 3689 Bamb.
419 3634 505 3689 Bere.
526 3635 586 3690 Vat.
606 3635 692 3690 Halo.
711 3653 746 3689 m.
761 3653 805 3704 pr.
826 3635 909 3705 Suup.
929 3635 1051 3691 Darmet.
1072 3654 1093 3708 c,
1112 3639 1161 3692 ubi
1258 3655 1260 3661 ·
