2644 3982
202 223 266 287 318
374 225 423 277 EX
440 223 607 279 INCERTIS
625 220 865 279 INCERTORVM
883 225 1035 280 FABVLIS

663 392 754 451 CLIV

149 510 201 557 260
211 493 257 557 Vt
280 493 315 556 1'n
339 495 485 558 secundis
508 495 627 579 fluxae,
649 499 687 558 ut
709 494 744 564 in
767 493 909 562 aduersis
932 495 1034 559 bonae

273 614 368 669 Cicero
391 616 428 668 ad
446 616 505 669 Att.
520 616 559 668 IV
575 621 633 684 1‚8
659 615 719 668 ‘ita
743 618 809 668 sunt
830 630 874 667 res
898 618 1024 684 nostrae,
1049 619 1087 670 ut
1110 617 1146 670 in
1165 635 1217 671 se-

202 685 324 738 cundis
342 686 471 755 fluxae,
490 690 528 740 ut
541 687 577 740 in
591 685 748 740 aduersis
762 687 892 740 bonae’
921 685 1029 740 ibidem
1039 687 1213 757 2‚l‘priori-
1302 745 1303 750 ,

201 758 253 810 bus
272 756 326 811 tibi
345 757 497 826 declaraui‚
516 759 655 812 aduentus
674 759 770 811 noster
788 756 880 824 qualis
899 756 1000 810 finisset
1019 761 1048 811 et
1061 759 1125 826 quis
1140 764 1214 813 esset
1302 767 1303 778 ¹

202 831 292 882 status
311 830 396 896 atque
416 845 511 882 omnes
529 846 573 884 res
592 831 705 884 nostrae
724 845 808 896 quem
822 828 860 881 ad
872 829 987 882 medum
1002 833 1105 898 essent,
1124 835 1161 884 ut
1179 831 1213 884 in

202 899 924 965 secundisfluxae‚utinaduersisbonac.'
953 900 1029 954 idem
1044 901 1082 954 ad
1096 901 1215 955 Brutum
1302 949 1303 954 ,

201 971 310 1038 110,2
336 970 434 1024 ‘huius
457 971 527 1024 belli
549 971 663 1024 fortuna
685 974 722 1023 ut
744 971 778 1023 in
802 970 962 1023 secundis
986 971 1096 1040 fluxa,
1120 973 1214 1026 utin
1302 973 1303 1020 1

203 1041 361 1094 aduersis
385 1041 492 1096 bona’
532 1043 650 1103 Carmen
668 1041 786 1112 agnovit
804 1041 1003 1110 Buechelerus‚
1024 1044 1099 1110 quod
1118 1047 1215 1098 tamen

201 1113 296 1166 nescio
316 1130 352 1166 an
371 1129 482 1166 soccum
500 1114 591 1184 magis
611 1131 695 1182 quam
713 1114 881 1168 cothurnum
899 1113 1007 1167 deceat.
1087 1121 1089 1126 ’

608 1297 611 1304 .
656 1245 766 1304 OLIV²

667 1344 669 1348 ·
785 1328 942 1412 pepulisti
963 1329 1048 1393 fores

271 1441 398 1495 Donatus
413 1443 450 1495 ad
464 1443 525 1496 Ter.
540 1443 658 1512 Adelph.
673 1443 712 1496 IV
726 1447 750 1510 5,
766 1448 797 1496 4:
818 1442 897 1495 ‘nota
915 1441 1087 1510 pepulisti
1106 1443 1214 1498 elatum

200 1512 317 1565 uerbum
345 1515 374 1566 et
400 1513 509 1582 tragico
538 1515 673 1567 cothmno
701 1512 792 1582 magis
821 1529 906 1579 quam
933 1512 1063 1581 loquelae
1089 1515 1213 1569 comicae

201 1583 463 1638 accommodatum’·

653 1655 764 1720 CLIVb

201 1771 320 1836 MARS
344 1771 465 1837 Ade'sse
487 1773 626 1836 ultorem
648 1773 717 1835 nati
739 1795 790 1836 me
814 1773 923 1836 credas
945 1773 1022 1838 mei:
1302 1821 1303 1828 .

200 1877 386 1962 <Μο11>1ο1
421 1877 653 1942 HERCVLES
672 1879 777 1941 uirtus
794 1883 953 1963 nusquam
968 1881 1086 1944 terreri
1096 1886 1216 1964 potest.

226 1993 229 1999 '
271 1990 360 2045 Carm.
380 1990 466 2060 epigr.
482 1996 514 2044 31
530 1991 561 2044 B.
580 1990 610 2042 in
629 1991 789 2060 anaglypho
806 1990 985 2060 insculptum.

203 2101 205 2105 ’
272 2095 287 2142 2
306 2087 422 2142 moritor
441 2087 556 2143 Wcilias
608 2104 719 2154 nusqua
737 2105 856 2144 marmor

654 2219 762 2276 CLIVc

518 2321 607 2384 eheu.
630 2343 739 2404 papae.
763 2321 864 2384 babae

270 2433 375 2487 Marius
403 2432 563 2487 Victorinus
595 2431 1210 2518 (1111711111.1111101911111)

200 2505 408 2574 ‘plerumque
400 2523 434 2557 in
457 2503 651 2594 tragoediis
675 2519 732 2556 scu
756 2504 942 2558 comoediis
965 2505 1100 2559 concitati
1120 2507 1211 2560 animi

197 2575 332 2645 motibus,
356 2593 426 2643 quos
445 2575 544 2628 Graeci
562 2573 644 2643 πάθη
664 2575 773 2641 dicunt
794 2575 985 2644 exprimuntur
1006 2577 1210 2649 1151111111-

195 2647 345 2702 iectionem
373 2643 548 2744 quorundam
577 2645 738 2700 adfectuum
766 2646 826 2700 sola
855 2646 1018 2716 efferuntur,
1047 2651 1079 2702 ut
1108 2649 1209 2720 eheu,

199 2735 320 2830 papae,
340 2718 482 2772 babae.’

666 2795 742 2853 CLV

833 2880 989 2964 plaudite!
1050 2881 1051 2884 ’

268 2991 458 3058 Quintilianus
472 2993 554 3060 Vir,
570 2997 603 3046 52
629 2993 710 3045 ‘tunc
733 2996 777 3046 est
800 2977 1067 3048 commonendumt
1055 2995 1210 3066 theatrum,

197 3081 260 3118 cum
290 3067 407 3118 uentum
439 3067 483 3118 est
514 3035 590 3117 ad
582 3081 675 3132 ipsum
704 3062 788 3132 illud,
822 3081 877 3131 quo
904 3067 1013 3118 ueteres
1041 3067 1211 3136 tragoediae
1302 3073 1303 3136 Ῑ

196 3135 412 3204 comoediaeque
435 3135 616 3189 clauduntur:
640 3134 818 3203 plaudite)
848 3134 995 3204 (plodite
1019 3137 1086 3190 libri
1106 3138 1210 3206 optimi

195 3209 307 3275 practer
324 3207 432 3261 Monac
451 3207 578 3276 Argent.)
655 3243 656 3246 κ
1302 3249 1303 3256 .

266 3277 428 3332 Glossarum
450 3277 578 3346 eclogam
601 3267 697 3330 coroll.
716 3276 803 3328 LXXI
813 3293 872 3344 sqq
897 3279 926 3331 et
943 3277 1069 3332 LXXVII
1080 3297 1119 3346 sq
1158 3298 1209 3334 ex-

194 3349 317 3416 positam
336 3353 461 3418 repetere
480 3347 565 3402 nolui
603 3347 734 3400 Ariolans
753 3363 787 3400 ex
806 3346 946 3400 Ciceronis
965 3348 1095 3404 Sestiana
1111 3357 1155 3420 21,
1170 3358 1209 3406 48

196 3419 295 3506 elicere
313 3419 404 3474 voluit
423 3419 453 3473 0
473 3417 615 3472 Mdller
594 3436 651 3472 sive
670 3417 799 3472 Enniana
819 3417 877 3472 sive
895 3419 1064 3476 Pacuviana
