2662 3978
508 213 545 266 M.
565 213 744 270 PAOVVIVS
1066 211 1130 274 143

117 375 203 430 Taur.
227 393 253 429 v.
275 370 486 442 136Ἕλληνες·
516 371 547 428 ἓν
574 373 651 430 τοῦτ’
678 369 755 444 οἶδα,
783 374 834 428 κού
861 369 1028 453 περαιτέρω,
1055 371 1130 424 unde

118 445 283 502 coniectura
304 445 358 499 hoc
380 444 413 499 fr.
439 444 488 499 alii
512 444 549 498 ad
571 445 749 500 Dulorestem
770 444 952 513 rettulerunt,
975 459 1035 513 rpre
1055 459 1130 496 nunc
1326 497 1327 520 ,

119 519 157 572 ad
177 517 302 586 Chrysen
319 515 459 586 pertinere
477 518 555 585 puto.

190 623 263 678 istoc
282 624 401 678 Bottias
418 622 476 676 ista
494 622 557 678 Erl.
575 621 632 676 isto
650 643 672 692 φ

577 790 670 850 Xffis

130 899 262 966 Solem
284 901 458 966 auxiliatur
480 900 693 986 hortaturque
715 923 775 966 me.
1132 912 1183 962 366

191 1023 291 1076 Festus
309 1039 336 1091 p.
356 1027 407 1076 301
422 1022 460 1078 M.
488 1021 612 1076 ‘solari
631 1021 690 1076 sine
708 1021 917 1092 praepositione
936 1021 1039 1076 dixisse
1058 1022 1130 1076 anti-

119 1111 191 1162 quos
209 1092 291 1147 testis
310 1096 354 1147 est
371 1093 520 1164 Pacuuius,
539 1110 602 1147 cum
621 1093 675 1150 ait:
693 1093 811 1148 solatur'
832 1109 855 1148 e.
875 1110 901 1162 q.
921 1111 941 1149 s.

578 1255 671 1321 XIIIb

559 1371 696 1456 Pylades

119 1459 202 1546 Έςο
225 1482 297 1524 sum
321 1459 456 1525 Orestes.
1118 1461 1184 1528 365²

560 1549 688 1615 Orestes

227 1653 341 1721 'Immo
365 1657 450 1720 enim
474 1678 551 1721 uero
575 1678 635 1744 ego
658 1679 744 1744 sum,
765 1655 912 1743 inquam,
935 1656 1130 1723 Orestes...

502 1762 522 1804 ³1⁸
675 1762 694 1804 *

588 1807 607 1849 a

553 1867 697 1954 Vterque

120 2026 209 2040 ....
233 1975 329 2040 ambo
353 1997 429 2062 ergo
452 1975 554 2062 igitur
576 1975 674 2042 simul
695 1998 760 2040 una
783 1976 938 2041 enioarier

121 2081 379 2168 comprecamur.

193 2203 288 2258 Cicero
308 2203 343 2258 de
362 2203 408 2259 fin.
427 2203 515 2271 V22,
529 2209 563 2258 63
584 2203 645 2271 ‘qui
663 2203 798 2258 clamores
817 2202 897 2274 uulgi
917 2204 1001 2271 atque
1019 2201 1131 2272 imperi-

118 2280 214 2332 torum
242 2273 400 2329 excitantur
426 2273 457 2328 in
483 2273 615 2344 theatris,
643 2291 706 2328 cum
730 2274 783 2329 illa
805 2273 947 2330 dicuntur:
977 2289 1037 2344 ego
1061 2291 1132 2327 sum

121 2347 275 2414 Orestes,
296 2348 449 2414 contraque
469 2345 504 2399 ab
524 2345 626 2400 altero:
649 2344 763 2400 immo’
784 2361 853 2414 eq.
874 2363 894 2400 s.
933 2344 1018 2399 ‘Oum
1037 2346 1132 2398 autem

120 2416 208 2474 etiam
227 2415 341 2472 exitus
360 2417 400 2470 ab
419 2419 565 2484 utroque
584 2416 686 2470 datur
704 2417 911 2471 conturbato
931 2414 1131 2483 errantique

119 2485 1132 2628 zeacetaeaaeuersaereaereat

674 2629 680 2639 ι
769 2601 776 2629 ’
866 2629 872 2640 ι
1030 2629 1035 2640 ι

121 2631 398 2771 &astitisti
408 2629 908 2770 titsttstmettttfftt
914 2632 1131 2771 1111511ῑὶ1

120 2791 177 2843 qno
195 2772 288 2826 minus
307 2773 390 2828 ambo
408 2789 465 2826 una
482 2771 652 2827 necaremini
670 2789 727 2826 non
744 2773 922 2842 precarere?'
958 2772 1037 2826 Idem
1054 2772 1130 2826 Lael.

122 2851 151 2914 7,
167 2850 201 2898 24
226 2843 300 2912 ‘qui
322 2844 489 2898 clamores
512 2846 587 2898 tota
610 2860 714 2898 cauea
736 2859 843 2913 nuper
865 2843 900 2897 in
923 2842 1074 2914 hospitis
1098 2846 1132 2898 et

121 2913 224 2970 amici
241 2914 307 2969 mei
325 2915 362 2968 M.
382 2913 525 2968 Pacuuii
542 2931 631 2969 noua
648 2913 782 2970 fabula!
809 2933 872 2969 cum
889 2914 1038 2996 ignorante
1056 2930 1131 2984 rege,

120 2989 185 3041 uter
207 2989 282 3041 esset
305 2985 430 3054 Orestes,
452 2985 573 3055 Pylades
597 2985 724 3041 Orestem
747 3002 777 3040 se
800 3001 860 3040 esse
884 2986 1001 3055 drceret,
1027 2988 1060 3039 ut
1080 3001 1131 3054 pro

120 3057 173 3112 illo
195 3059 356 3126 necaretur,
380 3056 491 3111 Orestes
515 3059 623 3126 autem,
650 3056 693 3112 ita
715 3059 748 3111 ut
771 3060 843 3127 erat,
869 3055 997 3111 Orestem
1019 3073 1049 3110 sc
1072 3072 1132 3110 esse

120 3130 321 3198 perseueraret.
359 3130 466 3183 stantes
488 3127 664 3198 plaudebant
683 3127 714 3182 in
731 3143 761 3181 re
780 3128 865 3182 ficta?
904 3128 938 3183 cf.
957 3127 1132 3198 Augustinus

121 3199 240 3255 confess.
258 3199 298 3255 IV
312 3205 336 3255 6.
377 3200 411 3254 In
438 3198 554 3281 Chryse,
585 3217 643 3254 non
670 3199 700 3253 in
726 3199 874 3254 Duloreste
901 3199 975 3254 hano
1002 3215 1133 3254 scaenam

119 3271 208 3325 fuisse
227 3269 349 3325 coniecit
368 3270 399 3326 Ο.
418 3270 536 3325 Jahmus
555 3271 648 3326 Herm.
666 3271 693 3324 11
707 3277 767 3325 233.

194 3383 257 3447 neq.
277 3379 312 3445 of.
331 3378 422 3434 cornil.
440 3376 540 3430 XLVII
559 3378 642 3432 ambo
661 3393 727 3447 ergo
746 3375 844 3446 (igitur
862 3377 956 3448 Vicat.)
974 3393 1131 3446 sunanega-

119 3466 190 3503 num
208 3450 257 3519 (ca’c
271 3449 362 3504 Patet.
378 3448 496 3518 Erimon
516 3448 723 3518 sunaniganum
741 3450 782 3504 oet
800 3464 909 3501 summa
925 3447 1054 3519 negarim
1071 3449 1133 3516 alia)

120 3536 269 3590 precamur
285 3541 307 3574 ω
326 3519 410 3574 ambo
429 3535 494 3589 ergo
513 3535 570 3574 una
587 3519 714 3574 necarier
726 3535 873 3589 precamur
887 3522 1036 3576 Maeciano
1050 3518 1133 3572 ambo

121 3607 189 3662 ergo
213 3590 254 3646 sic
276 3607 334 3644 una
357 3590 493 3645 enicarier
515 3590 729 3662 Oomprecamur
752 3592 803 3661 (cel
824 3606 972 3660 precamur
993 3592 1025 3645 a'a
1046 3591 1134 3646 audio
