2644 3982
162 225 228 288 310
334 224 384 277 EX
401 223 566 278 INGERTIS
585 222 824 280 INCERTORVM
842 223 995 278 FABVLIS

162 384 307 454 dictionis,
336 387 380 449 ut:
413 386 511 453 pater
538 383 690 451 inquam'
720 400 743 438 e.
763 401 789 451 q.
810 402 830 438 s.
872 382 1019 438 Phoenicis
1047 382 1170 438 Enniani

162 456 304 524 querellae
321 457 440 524 possunt
458 471 526 508 esse.

233 562 367 632 hospites,
385 564 467 631 pater
484 578 529 615 me
546 563 644 630 scripsi
662 561 781 631 hospitis
799 577 844 614 mc
863 561 993 616 Sacerdos
1011 579 1055 616 me
1075 564 1170 619 Ollari-

161 635 220 716 ss'us
243 640 271 716 et
285 635 429 688 Diomedes
498 635 581 702 pater
602 634 693 687 exitus
714 650 807 688 corsus
828 651 896 688 aura
917 635 949 687 ia
968 632 1089 689 Charisii
1111 637 1169 690 cod.

161 712 282 760 mitent
299 711 446 760 ameriam:
463 722 538 759 awnc
555 721 612 759 uos
630 712 746 773 apparet

606 907 731 966 CXVIII

109 1025 161 1074 215
173 1008 235 1074 Sed
257 1010 322 1073 idm
344 1031 378 1074 se
401 1009 488 1074 caelo
512 1010 625 1074 cedens
647 1007 774 1074 Aurora
797 1009 938 1073 6bstinet

172 1115 273 1182 Surim
294 1120 427 1201 patrem.
526 1197 528 1203 Ι

232 1237 333 1292 Festus
351 1256 378 1307 p.
395 1243 445 1293 197
462 1238 499 1294 Μ.
530 1237 701 1292 ‘obstinet
719 1237 852 1291 dicebant
870 1239 988 1306 ant1qu1,
1008 1238 1083 1305 quod
1097 1255 1172 1292 nunc

162 1311 206 1362 est
220 1308 352 1377 ostendit,
367 1312 399 1363 ut
412 1309 447 1362 in
465 1309 643 1364 ueteribus
662 1308 887 1364 carminibus:
908 1309 965 1362 sed
984 1309 1065 1362 iam’
1078 1326 1100 1363 e.
1111 1327 1138 1377 q.
1151 1328 1171 1364 s.

147 1439 150 1444 ·
236 1423 297 1486 lsq.
316 1419 486 1472 cumaculam
504 1419 584 1473 aab.
604 1419 712 1486 expleat

625 1621 717 1680 CXIX

163 1720 275 1806 Liber,
297 1711 512 1808 qui'augusta
534 1723 613 1786 haec
634 1723 706 1786 loca
730 1719 932 1786 Cithaeronis
954 1721 1032 1785 colis

234 1842 369 1912 Apuleius
393 1842 496 1898 Florid.
516 1842 607 1896 XVIII
630 1843 678 1896 ‘ut
699 1841 750 1897 ille
773 1842 911 1912 tragicus,
934 1842 983 1910 qui
1006 1842 1037 1896 in
1059 1843 1173 1898 theatro

164 1914 221 1968 dici
238 1914 321 1969 facit:
340 1913 456 1968 Liber'
477 1931 499 1969 e.
520 1932 545 1983 q.
566 1932 586 1968 s.
623 1914 665 1967 De
683 1913 800 1969 Pacuvii
818 1913 943 1984 Antiopa
961 1915 1092 1984 cogitavi.

235 2023 357 2090 angusta
375 2022 462 2076 Lowr.

629 2118 706 2178 OXX

207 2219 324 2304 Rapite
348 2221 434 2307 agite
456 2221 540 2284 ruite
564 2220 767 2304 celeripedes!

234 2351 276 2404 De
298 2353 377 2405 metr.
403 2350 478 2406 OGL.
499 2351 537 2405 VI
556 2355 607 2405 615
625 2350 658 2405 Κ.
698 2349 882 2419 ‘pyrrichinsz
910 2349 1039 2419 rapite'
1061 2366 1129 2417 eq.
1150 2367 1173 2405 s.

88 2458 90 2462 -
164 2420 440 2549 (cffiofftilljxhvlfftun.
460 2421 535 2477 CGL.
550 2421 589 2476 Vl
604 2425 655 2476 286
674 2421 718 2490 Κ.)
761 2421 801 2475 ef.
829 2420 945 2474 Pacuvii
972 2421 1026 2474 inc.
1049 2420 1106 2474 fab.
1126 2421 1174 2476 IV,

164 2727 254 2794 louis
277 2731 436 2792 sacratum
459 2726 701 2791 iusiurandum
724 2726 868 2811 sagmine

237 2860 336 2914 Festus
354 2877 381 2927 p.
397 2864 447 2912 321
463 2858 500 2912 M.
539 2856 709 2926 ‘sagmina
736 2859 874 2910 uocantur
896 2856 1050 2924 uerbenae,
1078 2856 1109 2909 id
1132 2861 1178 2910 est

166 2930 270 2986 herbae
296 2946 396 2998 purae,
425 2928 492 2996 quia
520 2945 553 2982 ex
578 2928 639 2983 loco
668 2929 766 2981 sancto
794 2926 961 2981 arcebantur
979 2959 1015 2967 —
1032 2959 1068 2967 -
1085 2927 1132 2981 uel
1158 2946 1177 2982 a

167 3001 330 3068 sanciendo,
358 3000 389 3053 id
416 3002 460 3053 est
487 2999 684 3053 confirmando.
722 2997 886 3054 Naeuius:
918 2998 971 3051 ius
1001 3001 1177 3052 sacratum

166 3073 259 3128 Ionis
282 3072 462 3126 iurandum
488 3070 659 3142 sagmine?
698 3068 802 3123 Paulus
820 3087 847 3139 p.
862 3075 915 3123 320
928 3070 966 3124 M.
1005 3069 1178 3140 ‘sagmina

167 3145 300 3200 dicebant
311 3142 421 3197 -herbas
440 3143 589 3211 uerbenas,
614 3141 681 3211 quia
699 3157 734 3194 ex
750 3140 814 3214 loco
833 3143 930 3195 sancto
949 3140 1177 3196 arcebantur...

166 3217 214 3271 uel
237 3233 254 3270 a
277 3214 440 3282 sanciendo,
464 3214 494 3267 id
513 3217 556 3268 est
574 3212 770 3268 confirmando.
808 3210 944 3267 Naeuius:
972 3228 1070 3281 scopas
1090 3214 1177 3280 atque

167 3288 303 3343 uerbenas
327 3285 455 3356 sagmina
478 3285 674 3354 sumpserunt'
712 3283 793 3337 Vnde
811 3281 900 3336 nostri
917 3299 1013 3337 versus
1033 3285 1178 3338 auctorem

166 3359 303 3413 incertum
331 3357 391 3410 fieri
414 3355 555 3409 intellexit
581 3355 611 3410 Ο,
630 3353 795 3422 Muellerus,
822 3353 898 3407 idern
920 3353 1024 3408 senarii
1045 3370 1177 3409 numeros

167 3429 299 3484 restituit.

238 3535 313 3588 louis
338 3535 480 3587 sacratum
502 3532 545 3585 ius
568 3533 718 3586 iurandum
743 3533 774 3587 0.
794 3533 946 3589 Muellerus
968 3533 1012 3587 ius
1035 3537 1180 3589 sacratum

167 3605 242 3659 Iouis
260 3604 410 3658 iurandum
428 3604 484 3658 cod.
