2682 3980
175 241 237 306 166
588 241 618 295 L.
638 241 764 296 ACCIVS

173 404 238 455 sunt
255 402 331 457 edidi
347 402 403 457 eive
422 401 597 469 adfirmantis
614 403 670 456 sim
682 403 878 473 iaterropamis
932 402 1002 454 duos
1017 401 1184 474 Hartmapas

226 475 291 526 sunt
309 490 370 529 eam
388 474 490 528 Bomio
509 489 559 528 om.
579 474 628 543 qai
646 475 786 528 samariam
803 474 938 544 iampram
953 479 1063 543 poaemt

659 623 691 680 H

120 741 154 790 60
172 721 228 788 'Vt
262 746 314 788 me
352 724 532 808 depositum
569 724 602 788 et
637 728 832 789 maerentem
868 725 982 788 niiuiio
1014 724 1182 808 repentino

809 830 946 895 alacrem

173 936 353 1002 Reddidisti
376 937 479 1021 adque
502 937 651 1002 excitasii
675 958 714 1000 ex
737 937 827 1001 luctu
849 937 884 1001 in
906 935 1141 1002 lassitudinem!

243 1059 315 1114 Non.
337 1063 401 1127 132,
417 1065 432 1112 9
458 1057 687 1113 ‘laetitudine
705 1075 756 1128 pro
775 1057 893 1112 laeticia.
932 1057 1033 1112 Accius
1051 1059 1184 1114 Alcme-

174 1147 259 1185 none
275 1129 327 1186 ...’
367 1129 570 1199 (alcimeone
588 1128 686 1184 Vrbin.
706 1133 769 1198 307)

246 1242 259 1290 1
280 1236 440 1305 depositum
455 1236 609 1292 Palmarim
628 1235 782 1306 repositum
796 1257 817 1290 a
835 1235 993 1305 depositam
1007 1237 1096 1292 comici
1105 1253 1184 1306 posse

173 1309 237 1363 olim
263 1310 359 1362 memmi
417 1310 446 1361 et
472 1310 644 1361 maerentem
671 1309 775 1362 Jaams
801 1307 985 1362 inmerentem
1011 1329 1040 1362 ω.
1077 1307 1125 1362 Aa
1152 1310 1185 1362 ui

173 1380 363 1434 maerentem?
434 1378 534 1432 nuntio
557 1377 703 1448 repentino
727 1379 847 1434 Bathias
868 1379 1014 1448 repentino
1037 1377 1137 1433 nuntio
1161 1399 1182 1432 a

173 1448 319 1518 repentino
339 1449 461 1503 alacrem
478 1467 505 1504 n.
525 1452 628 1504 exitum
647 1452 841 1506 commendavit
854 1451 917 1504 Bae
971 1456 986 1503 2
1007 1452 1091 1518 acque
1111 1449 1184 1503 exci-

174 1519 243 1574 tasti
261 1520 403 1575 Mereems
421 1519 504 1574 adiue
523 1520 668 1574 hesitasiis
688 1542 709 1575 a
728 1537 762 1578 aa
780 1537 825 1574 me
844 1519 974 1574 excitasti
993 1521 1097 1576 Jaai'as

652 1670 700 1728 HI

217 1770 310 1849 Quod
333 1771 364 1834 di
387 1770 423 1834 in
445 1771 551 1835 sedem
574 1771 732 1836 infernam
756 1772 886 1855 penitus

216 1877 411 1964 Depressum
434 1877 508 1942 altis
532 1878 672 1943 clause‘re
695 1878 798 1962 specis

242 2000 315 2054 Non.
326 2004 385 2069 487,
397 2004 430 2053 25
442 1999 569 2069 ‘specis
584 2016 634 2069 pro
650 1999 794 2068 specubus.
813 1997 916 2054 Accius
930 1998 1112 2052 Alcmeone
1124 2040 1129 2052 .
1141 2041 1146 2053 .
1160 1998 1178 2052 .’

245 2113 258 2160 1
279 2105 308 2159 di
332 2107 362 2160 in
386 2107 481 2160 sedem
503 2105 642 2160 infernam
664 2124 684 2160 m
706 2104 735 2157 di
758 2105 900 2159 inierdum
923 2103 1042 2158 inferam
1062 2127 1082 2159 a
1105 2103 1135 2158 di
1153 2103 1184 2158 in

173 2181 276 2234 terram
293 2177 434 2232 infernum
451 2178 514 2232 Bae
569 2183 585 2231 2
604 2177 804 2246 interpressum
823 2179 862 2232 W

654 2327 698 2385 IV

465 2427 521 2513 qui
545 2429 640 2492 ducat
663 2432 735 2492 caim
758 2431 791 2492 le
814 2449 960 2492 socerum
983 2427 1116 2513 uiderit,

122 2550 155 2598 65
176 2532 352 2600 (ie‘neribus
375 2539 501 2599 laniem
525 2537 591 2600 e'sse
614 2534 825 2619 inpietatem?
849 2585 1042 2599 .......

242 2656 314 2710 Non.
325 2661 425 2727 487,29
438 2655 638 2726 ‘generibus
648 2673 699 2724 pro
709 2654 829 2724 generis,
839 2655 1183 2712 AcciusAlcmcone...’

173 2726 366 2796 (Alcmeone
384 2727 421 2782 W
439 2724 682 2781 Alehimaeone
701 2726 811 2794 Bamb.)

245 2839 258 2886 1
283 2849 409 2887 socerum
433 2831 539 2886 uiderit
561 2834 673 2889 Vossius
695 2832 800 2887 uiderit
823 2849 949 2887 socerum
968 2854 989 2887 a
1060 2835 1118 2901 fait
1136 2835 1186 2904 qai

172 2907 336 2974 septenarios
363 2905 491 2959 iambicos
518 2903 566 2972 qui
596 2904 622 2958 d.
652 2920 715 2957 cum
742 2907 771 2958 te
798 2903 903 2958 uiderit
930 2921 1054 2959 socerum
1078 2923 1098 2958 e,
1118 2923 1142 2975 p.
1161 2921 1183 2960 s.

173 2977 381 3031 commendaret:
400 2977 435 3043 ef.
455 2977 545 3031 eoroil.
565 2975 592 3028 L
606 2993 644 3045 sq.

665 3089 693 3146 V

173 3191 275 3255 Teuta
296 3195 334 3255 st
356 3191 540 3256 frustrando
563 3191 686 3255 licians
708 3212 830 3254 uanans
853 3189 1032 3274 protrahas.

243 3312 315 3366 Non.
341 3318 387 3381 16,
402 3318 436 3366 22
466 3312 616 3366 ‘lactare
642 3314 686 3365 est
707 3310 839 3364 iuducere
863 3310 910 3364 uel
932 3309 1057 3380 mulgere
1080 3311 1184 3366 uellere

176 3381 303 3453 decipere
375 3383 476 3438 Accius
495 3382 717 3438 Alcimaeone
733 3427 738 3436 .
752 3425 757 3436 .
769 3383 787 3436 .’
826 3381 904 3434 Idem
923 3387 987 3450 184,
1003 3387 1016 3434 1
1039 3382 1183 3436 ‘uanans

177 3453 283 3509 dicium
299 3472 350 3525 pro
369 3454 479 3510 fallens.
517 3453 618 3508 Accius
638 3453 800 3507 Alcmena
816 3454 868 3508 ...'

247 3564 328 3630 tenca
350 3563 487 3634 Berpkias
515 3562 597 3614 lanta
620 3581 641 3614 ω
669 3561 782 3612 tantum
801 3560 910 3614 Vossius
937 3558 998 3613 fata
1020 3560 1082 3614 Bae
1153 3561 1186 3613 ut

176 3649 226 3688 om.
247 3654 268 3687 a
284 3651 313 3702 p.
335 3639 386 3688 184
439 3630 580 3702 protrahis
598 3651 619 3684 a
634 3648 663 3700 p.
681 3635 732 3683 184
749 3629 891 3699 protrahis
911 3630 1060 3700 Scioppius
