2648 3978
531 210 563 277 Q.
582 211 718 268 ENNIVS
1089 213 1130 277 61

587 380 663 440 vm

118 480 180 546 'Ibi
204 484 275 546 tum
299 479 468 565 derepente
492 503 530 546 ex
554 481 620 546 ulto
643 482 678 545 iu
700 481 803 548 altum
826 481 971 567 despexit
992 505 1088 549 mare.

192 602 264 657 Non.
280 607 368 671 518,5
390 602 591 671 ‘derepente
608 603 661 658 ...’

192 709 224 763 in
242 708 348 764 salsum
365 727 386 764 a

124 887 130 898 ³
193 816 257 940 Hi}l
263 814 482 941 adiiolusaemm
495 815 549 871 inc.
564 832 638 872 nom.
652 815 743 871 XXVl
755 815 809 871 inc.
824 815 878 870 inc.
893 816 951 871 fab.
966 815 1065 872 oxvn
1078 816 1133 872 inc.

121 905 176 942 mc.
196 903 234 957 pa
259 931 264 943 ,
284 905 310 942 v.
367 931 372 942 .

547 983 711 1044 TELAMO

619 1099 635 1158 I

563 1199 695 1266 Telamo

122 1307 206 1394 ‘Ego
230 1307 325 1372 deum
347 1329 449 1394 genus
473 1309 540 1372 esse
563 1329 688 1392 semper
711 1308 778 1372 dixi
802 1312 835 1373 et
855 1308 958 1372 dicam
976 1307 1136 1392 caelitum,

123 1413 188 1480 Sed
206 1435 261 1478 eos
278 1436 345 1479 uon
363 1414 475 1478 curare
494 1413 618 1499 opinor,
637 1413 715 1499 quid
734 1419 808 1501 agat
821 1414 999 1479 humanum
1012 1429 1188 1501 genuszaw

122 1520 209 1588 Nam
228 1521 258 1585 si
275 1525 401 1605 curent,
423 1521 504 1586 bene
522 1521 617 1588 bonis
635 1522 692 1607 sit,
714 1522 797 1587 male
816 1522 922 1601 mulia
946 1521 1032 1606 quod
1049 1524 1135 1586 nuuc

763 1627 862 1694 abest.

196 1739 294 1794 Cicero
318 1739 353 1793 de
377 1739 434 1796 div.
453 1741 479 1794 11
497 1745 612 1808 comos
637 1741 686 1795 ‘an
704 1743 801 1795 noster
817 1740 944 1796 Ennius?
966 1739 1016 1810 qui
1033 1757 1135 1809 magno

123 1810 227 1881 plausu
254 1810 382 1879 loquitur
409 1811 580 1867 assentiente
607 1810 712 1894 populo
740 1813 777 1885 [1.
802 1818 839 1867 2.
883 1812 920 1866 Et
947 1811 1061 1881 quidem
1088 1828 1138 1864 cur

125 1882 166 1936 sic
190 1881 334 1952 opinetur,
362 1883 502 1937 rationem
524 1882 635 1937 subiclt.
674 1883 729 1938 Sed
751 1882 810 1936 ni‘
846 1886 891 1937 est
912 1899 1025 1938 necesse
1044 1882 1137 1936 dicere

125 1970 199 2022 quae
224 1956 369 2009 secuntur:
392 1957 505 2009 tautum
529 1957 574 2008 sat
594 1956 638 2009 est
655 1953 798 2036 intellegi,
821 1953 851 2008 id
871 1970 979 2008 sumere
997 1953 1067 2008 istos
1086 1970 1137 2023 pro

125 2028 212 2093 certo,
232 2024 308 2093 quod
327 2024 444 2079 dubium
463 2027 729 2094 controuersumque
748 2025 805 2080 s1t.'
834 2024 912 2080 Idem
930 2025 965 2080 de
983 2026 1041 2079 nat.
1062 2024 1136 2080 deor,

125 2096 165 2150 Ill
183 2101 231 2165 32,
248 2101 281 2149 79
307 2095 460 2151 ‘Telamo
482 2099 579 2151 autem
601 2113 657 2150 uno
680 2113 763 2152 uersu
786 2099 879 2151 totum
901 2096 994 2151 locum
1016 2095 1137 2165 conficit,

126 2184 176 2222 our
199 2167 229 2221 di
252 2166 381 2222 homines
397 2167 551 2238 neglegunt
565 2169 626 2242 [3].’
664 2167 742 2223 Idem
761 2167 796 2222 de
815 2167 871 2222 div.
886 2167 899 2220 I
913 2173 959 2238 58,
975 2173 1026 2220 132
1040 2167 1086 2236 (cf.
1101 2167 1137 2236 Π)

616 2301 648 2359 Π

128 2400 192 2466 ssd
213 2401 430 2486 superstitiosi
453 2405 544 2466 uates
566 2400 820 2487 inpudentesque
843 2400 949 2484 arioli,

127 2506 195 2572 Aac
218 2509 337 2573 inertes
360 2511 417 2573 cut
438 2508 544 2572 insani
567 2513 623 2572 aut
647 2507 765 2592 quibus
789 2510 913 2594 egestus
934 2506 1085 2591 imperat,

129 2613 195 2692 Qui
211 2615 280 2680 sibi
301 2615 449 2680 semitem
471 2637 537 2680 non
559 2615 699 2700 sapiunt,
721 2615 815 2680 ultori
837 2614 1020 2679 monstrint
1036 2613 1138 2697 uiam,

130 2719 254 2799 Qru'bus
270 2721 399 2786 diuitias
412 2721 615 2807 pollicentur,
628 2722 669 2786 ab
684 2722 730 2787 eis
742 2721 924 2786 dracumam
934 2717 999 2804 ipsi
1005 2724 1129 2805 petunt.
1139 2737 1191 2786 275

131 2826 192 2912 [De
206 2827 259 2892 his
273 2827 396 2894 diuitiis
410 2829 474 2894 suti
488 2829 646 2896 deducant
659 2828 852 2912 drocumam,
865 2827 1000 2893 reddant
1010 2828 1137 2908 cetera]

200 2949 296 3005 Cicero
316 2949 351 3004 de
370 2950 426 3005 div.
440 2951 454 3008 Ι
468 2956 511 3019 68,
527 2955 577 3005 132
600 2951 684 3005 ‘nunc
701 2949 754 3004 illa
771 2948 906 3019 testabor,
925 2965 982 3003 non
998 2965 1043 3003 me
1057 2948 1140 3002 sorti·

131 3019 208 3090 legos
226 3037 318 3089 neque
337 3037 397 3092 eos,
419 3021 468 3090 qui
486 3024 621 3091 quaestus
639 3038 726 3076 causa
743 3020 898 3076 arioleutur
912 3064 918 3076 .
931 3064 941 3084 ,.
957 3064 962 3074 .
978 3036 1138 3092 agnoscere.

130 3091 194 3145 Nou
225 3091 318 3146 habeo
349 3091 469 3161 denique
495 3091 580 3147 nauci
607 3093 732 3147 Marsum
759 3108 906 3162 augurem,
938 3107 996 3145 nou
1022 3091 1138 3145 uicenos

131 3162 286 3232 aruspices,
314 3180 371 3218 uon
397 3164 432 3218 de
455 3163 528 3218 circo
552 3164 722 3234 astrologos,
749 3180 807 3218 non
829 3163 934 3217 Isiacos
957 3161 1138 3230 coniectores,

130 3250 186 3287 non
213 3233 381 3304 interpretes
405 3235 583 3290 somniorum.
620 3235 685 3290 Non
708 3234 783 3289 enim
806 3236 872 3290 suut
893 3233 925 3287 hi
947 3235 998 3288 aut
1020 3233 1139 3288 scientia

132 3308 181 3359 aut
209 3307 270 3359 arte
297 3305 409 3376 diuini,'
429 3306 488 3360 sed
516 3305 773 3377 superstitiosi’
793 3321 816 3360 c.
836 3324 862 3375 q.
882 3323 903 3359 s.
943 3305 1046 3373 ‘Atque
1069 3304 1139 3358 haec

132 3375 246 3443 quidem
263 3376 383 3447 Ennius,
407 3377 456 3445 qui
478 3377 576 3447 paucis
600 3380 666 3432 ante
688 3377 817 3432 uersibus
841 3392 914 3432 esse
936 3376 1017 3430 deos
1036 3377 1139 3444 censet,

134 3447 190 3500 sed
218 3463 275 3503 eos
302 3465 368 3502 non
396 3465 514 3503 curere
543 3448 719 3519 opinatur,
747 3447 830 3518 quid
855 3450 937 3518 agat
960 3447 1140 3501 humanum

133 3519 259 3586 genus'
295 3519 438 3574 Ennianos
456 3537 553 3574 versus
572 3520 720 3575 demuma
739 3519 832 3575 verbis
854 3518 915 3573 ‘sed
933 3517 1137 3588 superstitiosi’

134 3587 254 3662 incipere
272 3589 414 3646 intellexit
431 3591 567 3646 Boetius:
