2662 3978
160 221 213 286 ι70
586 221 617 287 Q·
636 219 771 276 ENNIVS

584 383 760 448 Patricoles

167 491 330 575 Eloquere
353 490 501 575 eloquere
523 492 575 555 re‘s
593 489 755 577 Argiuum
776 491 900 575 proelio
924 495 960 556 ut
981 513 1014 557 se
1033 492 1179 557 stistinet.

578 596 766 682 Eurypylus

166 703 244 772 Non
260 705 347 790 potis
366 704 464 770 ecfari
482 705 610 769 tantum
626 704 728 790 dictis,
747 704 1221 790 quantumfactissiippetit.1c

575 810 595 851 *
747 811 766 852 ³1⁸

661 855 680 896 *

113 932 166 982 325
177 917 252 983 'Vbi
271 918 401 984 fortuna
417 917 567 983 Hectoris
585 921 730 982 nostram
748 939 852 983 acrem
872 918 974 984 eciem
992 918 1180 984 inclinatum

804 1024 935 1110 (dedit)

239 1183 334 1238 Cicero
353 1183 434 1239 Tusc.
454 1183 526 1252 disp.
545 1183 571 1237 Π
591 1188 638 1250 16,
652 1187 686 1236 38
712 1182 792 1251 ‘quin
812 1182 899 1237 etiam
917 1182 1046 1236 uidemus
1066 1197 1099 1236 ex
1118 1182 1180 1237 acie

169 1253 261 1310 efferri
284 1271 368 1325 saepe
392 1255 501 1309 saucios
575 1255 605 1308 at
628 1269 695 1307 uero
719 1253 769 1308 ille
792 1253 961 1308 exercitatus
985 1255 1014 1308 et
1036 1255 1118 1308 uatus
1143 1254 1179 1307 ob

167 1343 285 1394 eamque
303 1343 362 1380 rcm
380 1325 480 1379 fortior
497 1324 637 1380 medicum
655 1324 739 1379 modo
758 1325 901 1394 requirens
920 1342 938 1379 a
956 1342 1012 1392 quo
1028 1323 1179 1395 obligetur,

167 1415 184 1452 o
216 1396 423 1465 Patricoles,
460 1396 566 1465 inquit,
604 1396 645 1450 ad
677 1413 737 1450 uos
771 1395 960 1450 adueniens
1051 1395 1177 1450 accedi.

167 1468 280 1523 Certe:
303 1467 496 1537 Eurypylus
515 1467 571 1520 hic
590 1466 726 1535 quidem
745 1469 805 1522 est.
841 1466 906 1522 Vbi
925 1467 1064 1521 tandem
1082 1466 1179 1522 luctu

168 1539 414 1594 conturbatur?
450 1538 625 1593 Hominem
659 1537 847 1592 exercitum
879 1537 958 1591 uide
986 1555 1085 1606 quam
1112 1555 1180 1592 non

166 1609 342 1664 flebiliter
363 1610 595 1679 respondeat‚’
621 1608 729 1678 (Certe
748 1609 942 1678 Eurypylus
966 1609 1021 1663 hio
1040 1608 1178 1677 quidem

167 1683 220 1734 est
237 1680 406 1734 hominem
424 1680 613 1734 exercitum
630 1679 690 1734 ubi
708 1683 842 1734 tantum
860 1680 975 1734 luctus
994 1679 1178 1734 continna-

165 1754 221 1805 tur
243 1749 322 1820 libri,
345 1751 400 1805 nisi
424 1753 499 1820 quod
523 1751 752 1806 exercitatum
773 1751 854 1805 Bern.
878 1753 907 1805 et
931 1750 981 1804 alii
1004 1752 1084 1806 codd.
1108 1751 1178 1805 boni

165 1824 239 1876 teste
259 1821 371 1877 Orellio.
400 1823 529 1877 luctum
547 1821 772 1878 continuatus
790 1823 858 1891 Reg.
879 1821 950 1878 Gud.
970 1822 1052 1877 Brux.
1081 1822 1177 1877 Verba

167 1895 259 1946 certe
279 1938 285 1949 .
302 1938 329 1949 ..
350 1894 537 1948 exercitum
555 1892 686 1948 Patroclo
710 1893 790 1948 dedit
806 1893 964 1963 Bentleius‚
989 1894 1058 1948 item
1082 1894 1176 1948 deleto

166 1966 218 2018 cst
241 1963 397 2019 Tischcrus.
436 1967 527 2020 certe
549 1963 745 2034 Eurypylus
767 1964 822 2018 hie
841 1964 978 2033 quidem
997 1968 1062 2021 est:
1089 1969 1092 2035 Ι
1118 1965 1178 2018 ho-

165 2034 287 2089 minem
319 2053 342 2091 e.
375 2035 526 2106 Seyffertus
559 2035 632 2091 Berl.
664 2035 733 2106 phil.
760 2035 958 2090 Wochenschr.
989 2041 1058 2090 1884
1084 2054 1112 2090 n.
1132 2042 1175 2091 52.

165 2106 211 2160 Me
238 2106 269 2160 in
296 2108 460 2177 separandis
486 2111 588 2178 poetae
613 2106 706 2161 verbis
730 2109 842 2161 secutus
865 2107 1010 2162 Vahlenus
1034 2107 1175 2163 Ciceronis

164 2176 228 2232 cola
255 2178 357 2233 ultima
385 2179 425 2233 sic
453 2178 650 2233 conformavit:
682 2177 851 2232 hominem
880 2178 1086 2234 exercitum!
1119 2178 1178 2232 ubi

165 2249 303 2304 tandem
321 2251 436 2304 luctus
456 2249 645 2306 continuat.
683 2249 763 2303 uide
782 2265 804 2302 e.
825 2267 851 2317 q.
871 2267 892 2304 s.
927 2249 1063 2304 Aliialia
1100 2252 1178 2304 rotu-

165 2319 259 2375 lerunt
275 2321 370 2391 rudia,
390 2322 521 2391 obscura,
540 2321 737 2389 incommoda.)
777 2319 931 2375 ‘rationem
950 2319 1037 2374 etiam
1056 2338 1073 2374 a
1108 2323 1177 2390 erat,

164 2407 214 2443 cur
236 2408 327 2460 aequo
350 2393 445 2447 animo
468 2393 523 2447 sibi
545 2392 691 2447 ferendum
715 2391 764 2446 sit:
792 2391 852 2460 qui
875 2391 980 2446 alteri
1051 2409 1176 2461 parem.

163 2461 295 2517 Abducet
316 2464 483 2534 Patricoles,
512 2464 607 2531 eredo,
633 2467 666 2517 ut
688 2462 816 2517 conlocet
838 2462 869 2515 in
892 2461 992 2532 cubili,
1016 2465 1049 2517 ut
1072 2463 1173 2518 uolnus

164 2532 281 2602 obliget.
319 2534 344 2587 si
365 2534 480 2604 quidem
501 2535 585 2589 homo
609 2537 698 2604 esset,
722 2534 772 2588 sed
794 2532 867 2587 nihil
890 2533 950 2587 uidi
973 2533 1086 2588 minus!
1124 2532 1177 2603 (sic

163 2602 319 2658 Victorius:
347 2605 495 2660 uidimus
508 2605 604 2676 libri.)
642 2604 774 2670 ‘Quaerit
802 2604 877 2658 enim
904 2605 974 2673 qnid
1003 2608 1099 2659 actum
1125 2605 1175 2660 sit:

165 2672 368 2743 eloquere..
386 2722 390 2732 .
407 2677 569 2746 suppetit.
602 2675 760 2731 Laberis’
781 2675 832 2745 (sic
850 2676 1005 2730 Bentleius.
1041 2675 1175 2730 laboris

162 2745 255 2816 libri):
285 2747 439 2815 ‘quiesce
462 2747 573 2817 igitur
595 2750 629 2801 et
651 2748 774 2802 uolnus
794 2746 924 2816 alliga)
963 2746 1116 2829 (Laberis

165 2816 288 2886 alliga:
306 2821 383 2873 tace
401 2819 532 2873 Patroclo
551 2817 653 2872 tribuit
670 2817 823 2872 Bentleius.
848 2818 1003 2872 Labons.
1027 2818 1080 2873 Pa.

164 2887 303 2956 quiesce
330 2893 364 2944 et
390 2889 513 2944 uolnus
536 2889 647 2959 alliga
669 2889 845 2944 Hermannus
873 2889 973 2958 Opusc.
992 2889 1019 2942 V
1038 2894 1089 2944 143
1113 2889 1176 2942 La—

164 2959 268 3014 boris.
305 2961 358 3016 Pa.
396 2961 443 3014 Tu
470 2961 608 3030 quiesce
636 2960 747 3031 igitur
775 2963 809 3014 et
830 2959 953 3015 uolnus
977 2959 1175 3030 alligauero

164 3030 301 3100 Bergkius
321 3031 339 3086 l.
358 3030 376 3086 l.
396 3032 527 3086 laboris
545 3034 660 3102 poetae,
679 3031 788 3099 reliqua
807 3031 934 3086 Ciceroni
953 3031 1098 3085 ascribunt
1117 3030 1177 3085 edi·

163 3104 239 3155 tores
270 3102 417 3172 plerique.)
455 3103 565 3158 ‘Etiam
597 3102 621 3157 si
653 3102 811 3172 Eurypylus
843 3105 955 3172 posset,
991 3119 1048 3156 non
1077 3105 1178 3183 posset

164 3174 304 3242 Aesopus:
332 3173 390 3228 ubi
413 3174 567 3229 fortuna’
593 3191 616 3230 e.
636 3192 703 3243 qs.
744 3175 788 3228 ‘et
811 3177 904 3228 cetera
928 3173 1052 3243 explicat
1075 3191 1105 3227 m
1127 3173 1177 3229 do-

164 3243 243 3298 lore.’
281 3245 359 3299 Idem
387 3249 457 3300 orat.
475 3252 523 3315 46,
543 3251 594 3301 lob
625 3245 737 3313 ‘itaque
764 3245 854 3299 idem
880 3246 1001 3315 poeta'
1032 3244 1112 3316 (Enn.
1132 3251 1176 3298 44.

165 3321 208 3368 51.
224 3319 294 3387 363),
316 3316 379 3386 ‘qui
398 3316 561 3371 inusitatius
579 3319 769 3371 contraxerat:
788 3316 878 3386 patris
893 3316 948 3370 mei
962 3332 1056 3370 meum
1069 3314 1177 3370 laetum

161 3387 265 3456 pudet,
288 3405 352 3457 pro:
379 3405 505 3443 meorum
527 3387 679 3456 factorum,
704 3390 745 3443 et:
773 3387 890 3457 texitur,
919 3386 1038 3442 exitium
1061 3403 1178 3441 examen

164 3457 253 3527 rapit,
271 3477 334 3529 pro:
354 3459 516 3528 exitiorum
535 3477 592 3514 non
611 3459 682 3513 dicit
699 3457 877 3512 liberum...
893 3458 942 3512 sed
955 3460 988 3511 ut
1001 3458 1051 3512 isti
1064 3457 1177 3512 uolunt:

164 3545 255 3597 neque
282 3533 363 3585 tuum
389 3548 524 3599 umquam
550 3529 581 3583 in
608 3529 746 3600 gremium
772 3529 891 3584 extollas
915 3528 1069 3583 liberorum
1092 3532 1178 3583 exte

161 3617 261 3668 genus.
302 3601 339 3656 Et
370 3601 473 3658 idem:
507 3617 652 3669 namque
684 3599 872 3669 Aesculapi
903 3599 1098 3653 liberorum.
1135 3599 1178 3653 At
