2662 3978
519 213 555 268 M.
576 213 754 269 PAcvvrvs
1075 216 1139 281 125

623 383 651 438 V

131 480 202 546 Nec
225 481 292 545 dile
314 481 446 546 subscus
469 481 599 547 c6hr'bet
621 505 807 571 compagem
830 485 926 570 dluci,
1140 501 1192 550 250

134 585 198 652 Sed
221 591 293 652 sitta
315 589 382 654 lino
405 593 438 653 et
460 590 595 673 spirteis
617 589 766 655 serdibus

204 717 303 772 Festus
317 737 344 788 p.
355 724 407 772 343
417 719 454 772 M.
476 719 627 774 ‘serilla’
643 720 775 789 (scriliu
789 721 933 776 Turnebus
946 721 1016 777 Adv.
1026 722 1139 792 xvflr)

133 788 264 842 ‘Verrius
288 789 426 858 appellari
447 793 531 859 putet
552 791 669 861 nauigia
686 791 809 847 Histrice
828 809 860 846 ec
878 792 1041 862 Liburnica,
1067 810 1140 862 quse

130 859 192 914 lino
211 877 244 913 ec
263 863 357 929 sparto
374 861 588 931 condensantur,
608 879 625 916 s
639 863 808 917 conserendo
823 866 853 917 et
866 863 1039 918 contexendo
1054 863 1139 934 dicte,

131 929 201 999 quia
219 930 297 984 dicet
310 932 339 986 P.
357 931 387 985 in
400 931 521 1001 Niptris:
541 949 592 987 uec
610 933 684 986 ulle'
705 950 727 988 e.
743 951 769 1001 q.
785 952 805 989 s.
827 936 905 988 ‘cum
918 945 1140 1004 περιφραστικῶς

132 1005 163 1056 et
186 1002 251 1055 ficto
275 1002 414 1057 uocabulo
433 1021 499 1056 usus
519 1003 557 1057 sit
573 1021 624 1074 pro
642 1003 787 1074 funiculis,
811 1005 860 1074 qui
879 1008 973 1074 sparto
992 1022 1140 1060 conserun-

130 1074 199 1127 tur.’
241 1073 320 1127 Idem
341 1080 439 1143 p.‚306
458 1074 495 1128 M.
534 1075 749 1146 ‘[subscudes
783 1076 972 1148 appellantur
1004 1080 1140 1131 cuneatee

130 1143 282 1215 ta[bellae,
310 1143 424 1216 quibus]
448 1145 564 1200 tabulae
586 1145 660 1201 inter
683 1163 712 1200 se
735 1147 936 1219 con[figuntur‚
964 1147 1013 1216 qui
1027 1164 1055 1216 a,
1084 1165 1139 1216 quo

130 1231 184 1270 cae
202 1214 400 1284 immittuntur,
419 1215 599 1287 [succuditur.
627 1217 789 1289 Pa]cuius
807 1217 838 1272 in
855 1217 963 1288 Niptris
983 1220 1009 1290 [1
1031 1219 1039 1245 ’
1059 1218 1141 1272 Pauli

129 1287 232 1340 Festus
249 1304 277 1366 p.
293 1291 345 1340 307
363 1287 400 1340 M.
439 1287 641 1342 ‘subscudes
666 1288 844 1358 appellentur
866 1288 1005 1343 tubellse'
1030 1306 1052 1344 e.
1073 1308 1098 1358 q.
1118 1307 1139 1343 s.

132 1359 303 1413 ‘Pecuurus:
322 1373 374 1411 nec
392 1357 452 1412 ulle
470 1376 491 1414 s.
511 1375 534 1412 c.
553 1361 736 1429 compagem)

615 1527 659 1585 VI

129 1625 212 1691 Inde
234 1625 373 1692 Ae'tnnm
395 1632 538 1693 montem
561 1629 696 1693 aduenio
719 1629 755 1694 in
777 1630 960 1714 scruposdm
984 1651 1122 1715 specum.

206 1757 277 1811 Non.
298 1763 388 1826 223,1
410 1759 545 1828 ‘specus
617 1758 751 1814 feminino
768 1759 945 1814 ..Accius
964 1759 1072 1829 Niptris
1087 1762 1139 1814 ...’

130 1827 180 1898 (in
200 1835 234 1882 ni
254 1827 414 1897 psaltriis
433 1829 530 1884 Vrbin.
551 1833 613 1898 308)
631 1829 790 1884 Priscianus
812 1849 839 1900 p.
860 1836 910 1884 713
929 1832 959 1885 Ρ.
989 1829 1050 1884 ‘hic
1069 1847 1141 1901 spe-

130 1915 206 1965 cus,
224 1899 300 1966 quod
319 1903 378 1954 tum
396 1900 582 1954 masculinum
600 1917 684 1969 quam
702 1904 832 1955 neutrum
849 1900 992 1955 inuenitur
1007 1946 1012 1956 .
1025 1946 1030 1956 .
1043 1946 1048 1955 .
1063 1900 1142 1955 femi-

130 1968 201 2024 nino
229 1973 324 2024 tumen
351 1971 404 2024 hoc
430 1988 533 2026 nomen
559 1989 670 2040 quoque
697 1972 859 2026 inuenitur.
876 1972 1085 2026 ..Pacuuius
1112 1972 1143 2025 in

85 2087 89 2096 .
130 2039 256 2110 Niptris:
273 2041 419 2096 aduenio
432 2042 467 2095 in
482 2060 676 2112 scruposam
690 2044 844 2113 specum’
861 2042 1141 2099 cf.anel.Helv.102.

205 2157 271 2211 inde
296 2156 416 2212 aduenio
438 2161 562 2212 montem
579 2160 681 2213 Actum
704 2176 753 2213 scr.
778 2177 818 2228 sp.
838 2159 949 2213 Nouius
974 2157 1094 2212 aduenio
1113 2157 1157 2210 in·

132 2246 186 2282 scr.
207 2247 247 2298 sp.
266 2231 359 2284 ceteris
377 2230 481 2284 omissis
500 2229 662 2285 Principum
679 2229 745 2283 inde
764 2229 884 2284 aduenio
902 2231 1027 2283 montem
1043 2227 1143 2282 Oetam

133 2316 186 2352 scr.
207 2317 247 2369 sp.
267 2301 339 2368 cdd,
362 2300 513 2354 Bentlcius.
553 2301 693 2370 Temptavi
715 2303 780 2356 olim
801 2303 843 2355 cel
864 2299 930 2354 inde
948 2299 1069 2353 Aetnam
1094 2299 1142 2352 ad-

133 2370 220 2425 uenio
238 2373 362 2425 montem
379 2373 420 2426 cel
438 2371 559 2424 Aetnam
576 2371 642 2426 inde
660 2375 784 2426 montem
803 2370 922 2425 aduenio
941 2370 970 2422 in
985 2387 1035 2424 scr.
1050 2388 1082 2439 sp

133 2441 328 2511 scrupulosam
345 2441 556 2512 (scropulosam)
576 2443 717 2497 Prisciani
733 2455 757 2512 ψ
777 2441 911 2511 scripsam
930 2441 1019 2495 Nouii
1036 2442 1063 2494 L

610 2611 669 2668 VII

515 2716 618 2776 aetate
641 2711 782 2799 integra,

136 2817 252 2882 Fertci
274 2817 418 2904 ingenio,
440 2817 521 2882 frisie
544 2819 676 2902 proceret
698 2819 806 2882 uirum

101 2953 104 2959 '
208 2947 315 3002 Gellius
329 2947 393 3002 xm
406 2954 441 3002 30
455 2949 518 3017 (29),
533 2954 549 3001 3
569 2947 669 3002 ‘sicuti
682 2947 799 3016 quidem
812 2946 935 3001 faciem
949 2963 1009 3001 csse
1022 2946 1144 3001 hominis

134 3022 239 3091 putant
262 3035 293 3072 os
315 3021 426 3072 tantum
448 3021 478 3072 et
499 3019 593 3073 oculos
612 3022 642 3073 et
659 3035 759 3088 genas,
783 3018 858 3086 quod
877 3017 976 3074 Gracci
994 3016 1144 3088 πρόσωπον

136 3091 248 3144 dicunt:
276 3090 389 3157 quando
415 3088 501 3144 facies
525 3089 563 3143 sit
585 3090 675 3144 forme
698 3089 787 3144 omnis
811 3092 840 3143 et
861 3089 960 3144 modus
984 3092 1013 3144 et
1035 3089 1145 3144 factura
1245 3089 1248 3094 '

136 3161 278 3230 quaedam
296 3160 418 3230 corporis
431 3159 519 3215 totius
535 3205 576 3218 ...
590 3161 687 3229 itaque
701 3160 840 3216 Pacuuius
854 3159 884 3214 in
897 3160 1052 3231 tragoedia,
1071 3176 1144 3228 quae

136 3233 241 3302 Niptra
263 3231 438 3301 inscribitur,
462 3231 564 3286 feciem
582 3231 654 3286 dixit
671 3231 793 3287 hominis
811 3248 862 3300 pre
880 3249 913 3285 co
948 3231 1003 3285 cris
1022 3231 1145 3301 longitu-

136 3303 211 3357 dine.
244 3304 354 3373 Aetste,
372 3302 473 3373 inquit,
491 3303 612 3374 integra’
633 3320 656 3357 e.
671 3303 734 3371 q.'s.
766 3303 905 3372 Excerpte
965 3302 1054 3357 lliane
1067 3301 1145 3356 edite

137 3393 155 3430 s
168 3373 398 3429 Reifferscheidio
412 3393 481 3429 mus.
495 3374 584 3429 Rhen.
598 3375 663 3430 XVI
675 3393 703 3444 p.
717 3380 750 3428 10
766 3373 882 3428 ‘faciem
895 3373 1016 3427 hominis
1030 3373 1146 3441 quidam

136 3448 241 3516 putant
259 3461 319 3500 esse
338 3448 494 3500 ostentum
508 3448 537 3500 et
551 3446 646 3500 oculos
661 3448 690 3499 et
703 3461 798 3515 genes,
818 3462 881 3498 cum
894 3444 980 3499 facies
995 3443 1033 3498 sit
1045 3444 1145 3498 modus

137 3521 168 3572 et
191 3517 301 3571 tecture
323 3517 463 3584 quaedem
485 3516 608 3586 corporis
629 3517 719 3571 totius
791 3516 864 3570 unde
882 3514 1021 3569 Pacuuius
1044 3514 1147 3569 faciem
1169 3527 1171 3531 ·

138 3587 261 3644 hominis
289 3587 361 3642 dixit
387 3606 437 3658 pro
465 3591 586 3645 statura:
616 3591 722 3658 aetate,
749 3586 854 3657 inquit,
882 3586 1007 3656 integre’
1035 3602 1057 3638 c.
1077 3602 1104 3652 q.
1124 3603 1145 3639 s.
