2662 3978
170 229 234 294 134
553 229 590 282 M.
609 227 790 283 PAOVVIVS

168 393 278 444 sentem
296 389 447 446 Scriverius
514 387 628 446 fremitu
646 388 750 443 anios
768 386 883 454 fremita
899 408 920 441 ω
992 393 1008 440 2
1028 385 1137 442 concidi
1156 407 1178 441 ω

168 461 284 516 concine
303 462 458 516 Polmoro'us

237 567 417 622 Inserendum
439 568 585 636 praeterea
607 565 673 619 huic
695 564 810 619 fabulae
830 563 884 620 ino.
903 564 960 618 fab.
979 565 1047 619 XLI.
1084 565 1178 618 Metus

167 639 214 692 vel
236 637 345 692 librarii
363 637 409 691 vel
430 637 590 692 diorthotae
609 653 685 692 error
702 638 746 690 est
765 635 840 704 apud
857 635 981 690 Nonium
998 654 1025 705 p.
1040 641 1083 704 89,
1099 641 1133 688 14
1151 653 1177 690 v.

95 731 97 736 ·
167 709 416 836 pcgffgzegaflmd
438 727 488 778 pro
507 707 778 778 Hypobolimaeo
797 705 914 762 Caecilii
932 707 975 777 (fr.
990 707 1026 776 V)
1045 706 1178 760 laudatur

593 911 751 970 Tuvcua

666 1036 681 1093 Ι

169 1137 255 1215 Quae
279 1138 435 1203 desiderio
459 1139 638 1222 alumnum,
661 1137 881 1222 paenitudine,

169 1244 286 1329 Squale
309 1244 497 1330 scabreque‚
519 1244 641 1308 inculta
661 1243 858 1308 usstitddine

238 1366 309 1420 Non.
326 1371 386 1434 152,
398 1371 431 1419 29
452 1363 735 1434 ‘poenitudinem
754 1365 784 1418 P.
800 1364 952 1418 Teuchro
969 1365 1021 1418 ...’
1038 1364 1177 1433 (Teucro

167 1437 276 1507 Bamb.)
305 1436 383 1490 Idem
397 1441 458 1505 163,
472 1441 506 1489 23
527 1437 680 1505 ‘scapres
698 1453 749 1505 pro
769 1435 880 1490 scabres
896 1436 949 1490 ...’
966 1435 1105 1504 (‘soabres
1126 1453 1178 1506 pro

168 1508 267 1562 scabra
285 1509 326 1560 es’
347 1506 509 1577 Quicherat)
535 1506 614 1560 Idem
633 1511 723 1574 185‚2
744 1505 885 1561 ‘uastities
904 1509 933 1560 et
950 1507 1129 1562 uastitudo
1149 1510 1179 1562 et

167 1578 288 1633 uastitas
309 1579 375 1632 ...'
417 1578 495 1631 Idem
513 1583 610 1647 243,4
639 1577 837 1646 ‘alumnum
865 1577 1039 1632 filium..)
1077 1578 1178 1632 Festus

166 1668 194 1719 p.
210 1655 261 1705 372
275 1650 312 1702 M.
334 1651 484 1702 ‘uastum
501 1666 551 1718 pro
570 1666 715 1718 magnum3
734 1648 849 1718 ponitur
865 1651 962 1702 tamen
980 1651 1009 1702 et
1024 1665 1074 1718 pro
1089 1649 1177 1704 inani.

57 1718 59 1722 ’
167 1720 268 1774 Accius
292 1753 326 1760 —
350 1722 379 1774 et
406 1719 546 1774 Pacuuius
573 1721 628 1792 [2]’
658 1720 785 1774 Eundem
812 1736 923 1774 versum
950 1718 1061 1774 videtur
1088 1720 1178 1774 Varro

168 1791 264 1845 Manio
283 1793 396 1846 saturae
410 1790 451 1860 (fr.
468 1797 521 1845 254
534 1791 578 1862 Β.)
596 1790 747 1846 inseruisse
762 1793 858 1861 ‘ager
876 1790 1179 1859 derelinqueretur

169 1879 206 1916 ac
224 1861 356 1931 periret
370 1861 494 1930 Squale
514 1862 716 1934 scabpeque,
734 1861 867 1916 inlr'ruie
887 1864 919 1916 et
938 1861 1176 1916 uastitddine.’

241 1974 254 2021 1
273 1968 456 2038 poenitudine
471 1990 492 2022 ω
506 1987 531 2038 p.
548 1974 607 2022 139.
624 1973 682 2022 185.
699 1975 751 2022 243
767 1967 941 2038 penitudinis
956 1970 1070 2024 BaHL
1085 1987 1114 2038 p.
1126 1975 1177 2024 152

167 2039 345 2108 poenitudini
364 2061 385 2110 φ
401 2059 430 2110 p.
446 2045 497 2094 152
553 2046 568 2093 2
588 2039 685 2107 equale
705 2055 879 2109 squapreque
896 2040 1178 2095 collimitaneae:

167 2113 202 2179 cf.
223 2113 318 2166 Varro.
348 2111 459 2180 equales
487 2111 654 2179 scabresque
682 2117 764 2180 (quae
782 2127 812 2180 p.
829 2116 880 2165 185
905 2128 962 2178 qua
977 2114 1038 2180 163)
1066 2112 1189 2168 Nostius·

163 2188 411 2252 plasmasse
430 2182 528 2252 squale
546 2181 724 2250 docuerisque
742 2194 765 2251 ψ
780 2200 810 2252 p.
826 2186 877 2235 152
896 2181 1178 2250 qualescauerisquae

167 2254 214 2309 Bo
228 2272 257 2323 p.
273 2259 324 2308 152
343 2253 441 2321 quales
460 2253 571 2308 scabres
590 2270 644 2322 que
663 2254 762 2309 Festos
814 2251 923 2307 inculta
935 2252 1122 2309 uastitudine:
1141 2256 1176 2321 cf.

171 2325 230 2380 Tor.
248 2327 323 2380 boat.
344 2330 411 2380 295:
430 2344 469 2380 oa
486 2324 594 2378 inluuie
613 2341 646 2380 ac
664 2323 857 2379 uastitudine?

655 2475 686 2533 Il

114 2593 167 2642 315
175 2576 255 2640 Post
278 2577 375 2660 qudm
398 2577 539 2641 defessus
561 2577 653 2660 <est>
676 2576 904 2662 perrogitando
928 2576 1066 2640 dduenas

168 2681 324 2767 <Omnis>
348 2683 386 2747 de
409 2683 530 2769 gnatis,
552 2685 656 2768 neque
679 2704 873 2768 quemquem
896 2680 1022 2747 inuenit
1044 2682 1146 2747 scium

238 2803 398 2858 Priscianus
416 2822 443 2873 p.
463 2809 515 2858 634
533 2805 563 2859 P.
594 2803 693 2872 ‘scio,
713 2803 799 2860 scius:
824 2803 864 2857 sio
882 2802 1061 2873 Apuleius..
1079 2846 1084 2856 .
1100 2805 1129 2857 et
1147 2803 1177 2858 P.

167 2875 198 2928 in
216 2875 323 2929 Teucro
339 2876 391 2930 ...’

239 2984 318 3035 lest
340 2983 403 3037 odd.
423 2982 544 3038 Vossius:
568 2982 603 3049 cf.
627 2983 727 3038 Plauti
748 2982 885 3050 Amphitr.
905 2985 975 3034 1014
1047 2986 1063 3034 2
1083 2997 1179 3034 eorum

164 3060 227 3122 post
243 3068 334 3120 neque
352 3055 469 3109 inscruit
486 3054 664 3108 Hermodorus

650 3203 696 3261 III

166 3304 281 3389 Neque
303 3306 486 3389 perpetrare
509 3304 658 3389 pre‘cibus
681 3304 817 3388 imperit
841 3303 925 3388 quiit

237 3426 337 3480 Festus
355 3444 382 3495 p.
403 3431 454 3479 217
473 3425 510 3480 Μ.
532 3426 738 3496 ‘perpetrat‚
756 3422 876 3494 peragit,
895 3423 1024 3492 perficit’

237 3531 355 3603 imperio
379 3534 427 3602 (sic
445 3533 502 3586 tom
521 3531 651 3602 Scoliper)
675 3530 749 3600 quiit
768 3531 946 3586 Hotomanus
968 3531 1091 3601 inpetria
1109 3531 1180 3599 quid

175 3607 224 3660 rod.
243 3621 295 3660 neo
313 3603 405 3674 pretio
424 3601 499 3672 quiit
521 3603 631 3658 Vossius
648 3601 793 3672 impetrita
811 3601 873 3671 quit
894 3602 924 3658 0.
944 3603 1064 3659 Mueller
