2662 3978
200 205 243 270 so
615 202 823 280 onasus

200 364 278 418 caeli
294 363 312 418 i.
332 364 350 419 f.
389 363 553 429 Quamuis
578 363 757 432 sphaeram
779 363 814 417 in
838 379 985 431 scenam,
1009 365 1046 416 ut
1065 361 1209 432 dicitur,

200 435 363 490 attulerit
381 435 522 502 Ennius,
546 437 642 488 tamen
659 434 690 488 in
708 434 827 504 sphaera
845 433 959 488 fornicis
978 433 1134 488 similitudo
1152 452 1212 489 non

199 509 294 576 potest
318 507 429 560 inesse'
467 506 501 560 cf.
525 505 631 576 Hygini
653 505 710 560 fab.
731 511 782 560 150
805 504 926 558 ‘Atlanti
949 507 1056 572 autem,
1080 505 1129 574 qui
1153 505 1211 558 dux
1318 543 1319 568 y

200 578 310 631 eorum’
336 576 510 646 (Titanorum
529 580 577 646 sc.)
598 576 680 646 ‘trit
704 576 795 630 caeli
813 576 979 630 fornicem
998 592 1081 647 super
1098 593 1209 631 umeros
1318 569 1319 644 l

199 647 339 717 inposuit’
361 648 464 720 (louis),
485 648 548 717 ‘qui
568 648 659 702 adhuc
680 647 783 702 dicitur
801 648 910 702 caelum
929 647 1086 702 sustinere!

643 799 768 857 XXXIV

148 897 276 966 3750ur
299 900 385 986 quod
408 901 442 965 in
464 923 516 965 me
539 904 587 964 est
610 900 799 965 exsecrabor
816 899 878 965 hoc
897 900 983 984 quod
1000 900 1099 984 lucet,
1123 898 1211 984 quic-

839 1007 917 1092 quid
940 1007 1009 1072 est?

271 1128 366 1184 Cicero
389 1129 424 1184 de
447 1132 505 1183 nat.
530 1129 604 1183 deor.
623 1129 649 1182 Π
667 1133 714 1198 25,
730 1135 764 1182 65
789 1129 878 1182 ‘hunc
900 1127 1003 1197 igitur'
1030 1131 1078 1198 (sc.
1102 1129 1210 1198 Iouem)

202 1200 336 1280 ‘Ennius²
364 1203 396 1254 ut
419 1218 503 1282 supra
526 1200 597 1270 dixi,
625 1203 770 1270 nuncupat
792 1199 834 1254 ita
857 1199 966 1254 dicens:
995 1200 1072 1323 im]
1094 1199 1209 1281 planias
1318 1259 1319 1274 χ

200 1288 286 1340 quam
300 1271 356 1325 alio
365 1271 428 1326 loco
437 1272 526 1327 idem:
541 1289 589 1326 cur
599 1272 689 1340 quod’
702 1288 724 1326 e.
736 1289 761 1340 q.
773 1289 793 1327 s.
813 1271 944 1325 Fortasse
953 1271 999 1324 Me
1012 1287 1117 1340 amppa
1128 1271 1208 1325 dixit.

271 1395 320 1431 cur
333 1379 400 1449 Rep.
417 1377 529 1433 Ouatub.
552 1377 597 1431 cui
610 1389 634 1447 ψ
653 1377 702 1447 qui
718 1379 881 1433 Gulielmius
894 1375 962 1445 quin
975 1395 995 1432 cc
1045 1376 1090 1431 cui
1105 1421 1110 1432 .
1124 1423 1128 1434 .
1141 1421 1146 1431 .
1162 1394 1209 1432 ex-

201 1449 330 1505 secrabor
344 1450 544 1504 &hoemuuuus
560 1451 632 1504 idem
649 1452 737 1505 uideri
755 1451 822 1506 dicit
840 1451 912 1519 quod
929 1448 991 1502 cui.
1005 1449 1209 1503 ..consecrabo

652 1581 762 1640 XXXV

148 1682 329 1768 378Flagiti
351 1681 546 1767 principium
570 1687 618 1747 est
639 1683 760 1748 nudare
783 1680 869 1747 iuter
892 1682 972 1747 ciuis
995 1683 1138 1766 cdrpora,

272 1803 367 1858 Cicero
386 1804 466 1858 Tusc.
490 1803 561 1872 disp.
580 1803 618 1858 IV
633 1810 680 1873 33,
697 1810 729 1858 70
755 1803 840 1858 ‘bene
864 1820 930 1874 ergo
953 1802 1073 1858 Ennius:
1098 1802 1207 1873 flagiti’

201 1891 269 1943 eq.
290 1893 310 1928 s.

642 1955 767 2014 XXXVI

202 2054 304 2132 Quem
330 2059 480 2120 metuunt
511 2055 661 2140 oderunt,
693 2076 789 2139 quem
820 2056 954 2140 quisque
982 2055 1051 2120 odit
1077 2056 1209 2139 periisse

838 2163 969 2247 expetit

271 2282 366 2338 Cicero
385 2283 420 2338 de
439 2283 484 2340 off,
499 2285 524 2338 H
539 2289 563 2354 7,
578 2290 612 2338 23
633 2283 791 2355 ‘praeclare
810 2283 885 2338 enim
903 2283 1044 2339 Ennius..
1057 2283 1074 2340 .’
1102 2282 1210 2338 Eadem

201 2354 341 2409 sententia
354 2354 445 2409 utitur
458 2355 643 2425 Hieronymus
658 2371 700 2424 ep.
715 2355 753 2409 ad
767 2354 955 2424 Theophilum
968 2360 1011 2424 82,
1025 2359 1051 2412 3.
1078 2353 1209 2408 Fortasse

200 2426 285 2479 Atreo
304 2425 374 2480 haec
392 2425 423 2480 in
441 2427 563 2496 Thyeste
582 2426 804 2498 opponebantur.

272 2531 355 2585 odere
373 2549 407 2587 ec
426 2533 505 2588 Goth.
525 2533 714 2604 Heusiuperus

634 2665 776 2723 XXXVII

148 2785 200 2833 380
210 2761 247 2828 ‘0
271 2763 365 2828 Fides
388 2766 473 2830 alma
495 2766 571 2850 a‘pta
593 2766 714 2850 pinnis,
737 2765 842 2830 etius
865 2765 1035 2830 iurandum
1058 2763 1159 2830 Iouis!

272 2884 367 2939 Cicero
396 2887 430 2941 de
459 2885 503 2942 off.
527 2886 631 2954 ΠΙ29,
652 2892 703 2940 104
737 2887 819 2940 ‘nam
850 2885 993 2956 praeclare
1020 2885 1127 2940 Ennius
1144 2930 1149 2940 .
1166 2929 1172 2941 .
1189 2888 1206 2941 .’

200 2955 335 3025 Apuleius
359 2957 394 3011 de
417 2958 470 3012 deo
494 2957 568 3012 Socr.
583 2963 613 3026 5,
628 2963 662 3010 25
676 2957 706 3010 L.
741 2958 822 3011 ‘nam
845 2957 939 3011 etius
962 2957 1112 3012 iurandum
1131 2957 1207 3012 Iouis

201 3026 322 3083 dicItur.'
351 3027 505 3082 Ariolaudo
523 3028 594 3083 haec
613 3044 723 3096 quoque
743 3030 771 3082 et
789 3029 821 3083 fr.
841 3028 981 3082 XXXVIII
999 3029 1036 3082 ad
1055 3027 1208 3098 Thyestem

199 3097 304 3154 rettuli.

624 3179 781 3238 XXXVIII

200 3329 395 3345 ........
419 3280 509 3345 nulla
531 3285 641 3345 sancta
664 3281 799 3346 societas
909 3295 911 3302 ’

199 3385 268 3452 Ne‘c
290 3387 369 3452 fides
391 3388 483 3474 regni
507 3389 563 3452 e'st.

271 3507 366 3564 Cicero
386 3509 420 3564 de
440 3507 485 3564 off.
501 3508 553 3577 18,
569 3515 602 3564 26
623 3510 709 3579 ‘quod
729 3508 803 3564 enim
817 3512 860 3563 est
874 3509 949 3579 apud
962 3508 1096 3564 Ennium:
1115 3509 1206 3565 nulla’

200 3594 224 3633 e.
244 3597 270 3646 q.
290 3598 310 3634 s.
351 3579 395 3632 ‘id
422 3580 509 3634 latius
536 3582 636 3650 petet!
674 3581 751 3634 Idem
777 3581 811 3634 de
834 3596 890 3650 rep.
909 3579 922 3633 I
940 3585 987 3649 32,
1002 3585 1036 3633 49
1061 3581 1209 3636 ‘concordi
