<?xml version="1.0" encoding="UTF-8"?>
<!DOCTYPE html PUBLIC "-//W3C//DTD XHTML 1.0 Transitional//EN"
    "http://www.w3.org/TR/xhtml1/DTD/xhtml1-transitional.dtd">
<html xmlns="http://www.w3.org/1999/xhtml" xml:lang="en" lang="en">
 <head>
  <title>
</title>
<meta http-equiv="Content-Type" content="text/html;charset=utf-8" />
  <meta name='ocr-system' content='tesseract 3.04.00' />
  <meta name='ocr-capabilities' content='ocr_page ocr_carea ocr_par ocr_line ocrx_word'/>
</head>
<body>
  <div class='ocr_page' id='page_1' title='image "./scaenicaeromano06ribbgoog_0259.png"; bbox 0 0 2682 3980; ppageno 0'>
   <div class='ocr_carea' id='block_1_1' title="bbox 142 187 764 284">
    <p class='ocr_par' dir='ltr' id='par_1_1' title="bbox 142 187 764 284">
     <span class='ocr_line' id='line_1_1' title="bbox 142 187 764 284; baseline -0.002 -13"><span class='ocrx_word' id='word_1_1' title='bbox 142 227 145 234; x_wconf 55' lang='lat'><strong>⁴</strong></span> <span class='ocrx_word' id='word_1_2' title='bbox 171 217 238 284; x_wconf 77' lang='lat'><strong>244</strong></span> <span class='ocrx_word' id='word_1_3' title='bbox 382 187 385 192; x_wconf 75' lang='grc'><strong>’</strong></span> <span class='ocrx_word' id='word_1_4' title='bbox 588 218 618 276; x_wconf 85' lang='lat' dir='ltr'><strong>u.</strong></span> <span class='ocrx_word' id='word_1_5' title='bbox 638 216 764 272; x_wconf 78' lang='lat' dir='ltr'><strong>Accius</strong></span> 
     </span>
    </p>
   </div>
   <div class='ocr_carea' id='block_1_2' title="bbox 174 386 906 574">
    <p class='ocr_par' dir='ltr' id='par_1_2' title="bbox 174 386 906 574">
     <span class='ocr_line' id='line_1_2' title="bbox 646 386 705 444; baseline 0 0"><span class='ocrx_word' id='word_1_6' title='bbox 646 386 705 444; x_wconf 86' lang='lat' dir='ltr'><strong>VII</strong></span> 
     </span>
     <span class='ocr_line' id='line_1_3' title="bbox 174 486 906 574; baseline -0.004 -21"><span class='ocrx_word' id='word_1_7' title='bbox 174 488 273 553; x_wconf 85' lang='lat' dir='ltr'><strong>Salsis</strong></span> <span class='ocrx_word' id='word_1_8' title='bbox 297 509 441 552; x_wconf 86' lang='lat' dir='ltr'><strong>cruorem</strong></span> <span class='ocrx_word' id='word_1_9' title='bbox 464 487 567 574; x_wconf 77' lang='lat' dir='ltr'><strong>guttis</strong></span> <span class='ocrx_word' id='word_1_10' title='bbox 588 487 793 552; x_wconf 74' lang='lat' dir='ltr'><strong>lacrimariim</strong></span> <span class='ocrx_word' id='word_1_11' title='bbox 816 486 906 550; x_wconf 77' lang='lat' dir='ltr'><strong>lauit.</strong></span> 
     </span>
    </p>
   </div>
   <div class='ocr_carea' id='block_1_3' title="bbox 243 606 1184 680">
    <p class='ocr_par' dir='ltr' id='par_1_3' title="bbox 243 606 1184 680">
     <span class='ocr_line' id='line_1_4' title="bbox 243 606 1184 680; baseline -0.001 -17"><span class='ocrx_word' id='word_1_12' title='bbox 243 609 315 663; x_wconf 87' lang='lat' dir='ltr'><strong>Non.</strong></span> <span class='ocrx_word' id='word_1_13' title='bbox 335 615 396 680; x_wconf 80' lang='lat'>503,</span> <span class='ocrx_word' id='word_1_14' title='bbox 411 615 444 664; x_wconf 83' lang='grc'><strong>27</strong></span> <span class='ocrx_word' id='word_1_15' title='bbox 466 606 573 663; x_wconf 83' lang='lat' dir='ltr'><strong>‘lauit</strong></span> <span class='ocrx_word' id='word_1_16' title='bbox 590 625 641 679; x_wconf 88' lang='lat' dir='ltr'><strong>pro</strong></span> <span class='ocrx_word' id='word_1_17' title='bbox 660 608 796 662; x_wconf 77' lang='lat' dir='ltr'><strong>lauat...</strong></span> <span class='ocrx_word' id='word_1_18' title='bbox 812 607 912 662; x_wconf 85' lang='lat' dir='ltr'><strong>Accius</strong></span> <span class='ocrx_word' id='word_1_19' title='bbox 931 607 1039 662; x_wconf 80' lang='lat' dir='ltr'><strong>Finidis</strong></span> <span class='ocrx_word' id='word_1_20' title='bbox 1055 654 1060 663; x_wconf 89' lang='lat'>.</span> <span class='ocrx_word' id='word_1_21' title='bbox 1074 652 1078 664; x_wconf 95' lang='lat'><em>.</em></span> <span class='ocrx_word' id='word_1_22' title='bbox 1092 609 1109 664; x_wconf 89' lang='lat'><strong>.’</strong></span> <span class='ocrx_word' id='word_1_23' title='bbox 1181 664 1184 671; x_wconf 74' lang='grc'><strong>,</strong></span> 
     </span>
    </p>
   </div>
   <div class='ocr_carea' id='block_1_4' title="bbox 245 716 718 852">
    <p class='ocr_par' dir='ltr' id='par_1_4' title="bbox 245 716 718 852">
     <span class='ocr_line' id='line_1_5' title="bbox 245 716 392 787; baseline 0.007 -16"><span class='ocrx_word' id='word_1_24' title='bbox 245 716 335 787; x_wconf 73' lang='lat' dir='ltr'><strong>guerit</strong></span> <span class='ocrx_word' id='word_1_25' title='bbox 355 718 392 772; x_wconf 88' lang='lat' dir='ltr'><em>W</em></span> 
     </span>
     <span class='ocr_line' id='line_1_6' title="bbox 643 793 718 852; baseline 0 0"><span class='ocrx_word' id='word_1_26' title='bbox 643 793 718 852; x_wconf 82' lang='lat' dir='ltr'><strong>Vm</strong></span> 
     </span>
    </p>
   </div>
   <div class='ocr_carea' id='block_1_5' title="bbox 176 895 1188 979">
    <p class='ocr_par' dir='ltr' id='par_1_5' title="bbox 176 895 1188 979">
     <span class='ocr_line' id='line_1_7' title="bbox 176 895 1188 979; baseline -0.004 -17"><span class='ocrx_word' id='word_1_27' title='bbox 176 895 220 962; x_wconf 74' lang='lat' dir='ltr'><strong>Se</strong></span> <span class='ocrx_word' id='word_1_28' title='bbox 239 897 371 961; x_wconf 89' lang='lat' dir='ltr'><strong>uenenis</strong></span> <span class='ocrx_word' id='word_1_29' title='bbox 394 897 536 961; x_wconf 75' lang='lat' dir='ltr'><strong>sterilem</strong></span> <span class='ocrx_word' id='word_1_30' title='bbox 559 917 626 960; x_wconf 85' lang='lat' dir='ltr'><strong>esse</strong></span> <span class='ocrx_word' id='word_1_31' title='bbox 647 895 735 959; x_wconf 87' lang='lat' dir='ltr'><strong>illius</strong></span> <span class='ocrx_word' id='word_1_32' title='bbox 755 896 852 979; x_wconf 87' lang='lat' dir='ltr'><strong>6pera</strong></span> <span class='ocrx_word' id='word_1_33' title='bbox 869 900 902 960; x_wconf 77' lang='lat' dir='ltr'><strong>et</strong></span> <span class='ocrx_word' id='word_1_34' title='bbox 919 895 1077 959; x_wconf 88' lang='lat' dir='ltr'><strong>medicina</strong></span> <span class='ocrx_word' id='word_1_35' title='bbox 1096 897 1188 958; x_wconf 75' lang='lat' dir='ltr'><strong>aribu-</strong></span> 
     </span>
    </p>
   </div>
   <div class='ocr_carea' id='block_1_6' title="bbox 811 1023 902 1066">
    <p class='ocr_par' dir='ltr' id='par_1_6' title="bbox 811 1023 902 1066">
     <span class='ocr_line' id='line_1_8' title="bbox 811 1023 902 1066; baseline 0.011 -1"><span class='ocrx_word' id='word_1_36' title='bbox 811 1023 902 1066; x_wconf 68' lang='lat' dir='ltr'><strong>malls</strong></span> 
     </span>
    </p>
   </div>
   <div class='ocr_carea' id='block_1_7' title="bbox 176 1112 1186 1256">
    <p class='ocr_par' dir='ltr' id='par_1_7' title="bbox 176 1112 1186 1256">
     <span class='ocr_line' id='line_1_9' title="bbox 246 1112 1186 1183; baseline -0.002 -16"><span class='ocrx_word' id='word_1_37' title='bbox 246 1114 318 1168; x_wconf 89' lang='lat' dir='ltr'><strong>Non.</strong></span> <span class='ocrx_word' id='word_1_38' title='bbox 339 1121 385 1183; x_wconf 88' lang='grc'><strong>20,</strong></span> <span class='ocrx_word' id='word_1_39' title='bbox 400 1120 434 1168; x_wconf 81' lang='grc'><strong>29</strong></span> <span class='ocrx_word' id='word_1_40' title='bbox 459 1112 678 1169; x_wconf 77' lang='lat' dir='ltr'><strong>‘medicinam</strong></span> <span class='ocrx_word' id='word_1_41' title='bbox 701 1113 819 1168; x_wconf 83' lang='lat' dir='ltr'><strong>dicimus</strong></span> <span class='ocrx_word' id='word_1_42' title='bbox 843 1118 872 1169; x_wconf 73' lang='lat' dir='ltr'><strong>ed</strong></span> <span class='ocrx_word' id='word_1_43' title='bbox 890 1130 1041 1181; x_wconf 90' lang='lat' dir='ltr'><strong>uenenum;</strong></span> <span class='ocrx_word' id='word_1_44' title='bbox 1064 1115 1186 1166; x_wconf 77' lang='lat' dir='ltr'><strong>tractum</strong></span> 
     </span>
     <span class='ocr_line' id='line_1_10' title="bbox 176 1183 1184 1256; baseline -0.005 -16"><span class='ocrx_word' id='word_1_45' title='bbox 176 1203 193 1240; x_wconf 91' lang='lat' dir='ltr'><strong>a</strong></span> <span class='ocrx_word' id='word_1_46' title='bbox 208 1185 331 1254; x_wconf 81' lang='lat' dir='ltr'><strong>Graecis,</strong></span> <span class='ocrx_word' id='word_1_47' title='bbox 345 1184 395 1254; x_wconf 89' lang='lat' dir='ltr'><strong>qui</strong></span> <span class='ocrx_word' id='word_1_48' title='bbox 408 1203 548 1240; x_wconf 87' lang='lat' dir='ltr'><strong>uenenum</strong></span> <span class='ocrx_word' id='word_1_49' title='bbox 560 1185 705 1240; x_wconf 83' lang='lat' dir='ltr'><strong>farmaccn</strong></span> <span class='ocrx_word' id='word_1_50' title='bbox 719 1186 872 1256; x_wconf 80' lang='lat' dir='ltr'><strong>appellant.</strong></span> <span class='ocrx_word' id='word_1_51' title='bbox 900 1185 1002 1240; x_wconf 82' lang='lat' dir='ltr'><strong>Accius</strong></span> <span class='ocrx_word' id='word_1_52' title='bbox 1015 1183 1124 1238; x_wconf 83' lang='lat' dir='ltr'><strong>Finidie</strong></span> <span class='ocrx_word' id='word_1_53' title='bbox 1136 1227 1141 1238; x_wconf 90' lang='lat'>.</span> <span class='ocrx_word' id='word_1_54' title='bbox 1151 1227 1156 1236; x_wconf 94' lang='lat'>.</span> <span class='ocrx_word' id='word_1_55' title='bbox 1167 1183 1184 1236; x_wconf 93' lang='lat'><strong>.&#39;</strong></span> 
     </span>
    </p>
   </div>
   <div class='ocr_carea' id='block_1_8' title="bbox 175 1255 1186 1383">
    <p class='ocr_par' dir='ltr' id='par_1_8' title="bbox 175 1255 1186 1383">
     <span class='ocr_line' id='line_1_11' title="bbox 175 1255 1186 1327; baseline -0.002 -17"><span class='ocrx_word' id='word_1_56' title='bbox 175 1255 338 1327; x_wconf 84' lang='lat' dir='ltr'><strong>(Finisdis</strong></span> <span class='ocrx_word' id='word_1_57' title='bbox 353 1256 430 1311; x_wconf 90' lang='lat' dir='ltr'><strong>Leid.</strong></span> <span class='ocrx_word' id='word_1_58' title='bbox 445 1275 481 1311; x_wconf 94' lang='lat' dir='ltr'><strong>m.</strong></span> <span class='ocrx_word' id='word_1_59' title='bbox 497 1264 511 1310; x_wconf 92' lang='lat'>1</span> <span class='ocrx_word' id='word_1_60' title='bbox 531 1256 687 1311; x_wconf 83' lang='lat' dir='ltr'><strong>Fenissis</strong></span> <span class='ocrx_word' id='word_1_61' title='bbox 705 1257 782 1311; x_wconf 92' lang='lat' dir='ltr'><strong>Leid.</strong></span> <span class='ocrx_word' id='word_1_62' title='bbox 798 1276 833 1312; x_wconf 92' lang='lat' dir='ltr'><strong>m.</strong></span> <span class='ocrx_word' id='word_1_63' title='bbox 850 1261 876 1326; x_wconf 89' lang='grc'><strong>2)</strong></span> <span class='ocrx_word' id='word_1_64' title='bbox 894 1255 989 1326; x_wconf 82' lang='lat' dir='ltr'><strong>Eurip.</strong></span> <span class='ocrx_word' id='word_1_65' title='bbox 1004 1255 1137 1310; x_wconf 85' lang='lat' dir='ltr'><strong>Androm.</strong></span> <span class='ocrx_word' id='word_1_66' title='bbox 1152 1259 1186 1308; x_wconf 85' lang='grc'><strong>32</strong></span> 
     </span>
     <span class='ocr_line' id='line_1_12' title="bbox 176 1326 478 1383; baseline -0.007 0"><span class='ocrx_word' id='word_1_67' title='bbox 176 1326 296 1383; x_wconf 82' lang='lat' dir='ltr'><strong>conferri</strong></span> <span class='ocrx_word' id='word_1_68' title='bbox 313 1327 394 1382; x_wconf 74' lang='lat' dir='ltr'><strong>iubet</strong></span> <span class='ocrx_word' id='word_1_69' title='bbox 411 1328 478 1382; x_wconf 90' lang='lat' dir='ltr'><strong>Bue.</strong></span> 
     </span>
    </p>
   </div>
   <div class='ocr_carea' id='block_1_9' title="bbox 176 1423 1187 1708">
    <p class='ocr_par' dir='ltr' id='par_1_9' title="bbox 176 1423 1187 1708">
     <span class='ocr_line' id='line_1_13' title="bbox 248 1423 1186 1494; baseline -0.002 -15"><span class='ocrx_word' id='word_1_70' title='bbox 248 1441 277 1479; x_wconf 89' lang='lat' dir='ltr'><strong>se</strong></span> <span class='ocrx_word' id='word_1_71' title='bbox 296 1423 412 1483; x_wconf 86' lang='lat' dir='ltr'><strong>uenenis</strong></span> <span class='ocrx_word' id='word_1_72' title='bbox 431 1424 501 1494; x_wconf 87' lang='lat' dir='ltr'><strong>(eius</strong></span> <span class='ocrx_word' id='word_1_73' title='bbox 519 1427 561 1480; x_wconf 81' lang='lat' dir='ltr'><strong>cel</strong></span> <span class='ocrx_word' id='word_1_74' title='bbox 579 1441 609 1480; x_wconf 90' lang='lat' dir='ltr'><strong>se</strong></span> <span class='ocrx_word' id='word_1_75' title='bbox 627 1424 688 1480; x_wconf 89' lang='lat' dir='ltr'><strong>eius</strong></span> <span class='ocrx_word' id='word_1_76' title='bbox 706 1425 822 1480; x_wconf 88' lang='lat' dir='ltr'><strong>uenenis</strong></span> <span class='ocrx_word' id='word_1_77' title='bbox 841 1427 1018 1481; x_wconf 79' lang='lat' dir='ltr'><strong>coaieccrcm:</strong></span> <span class='ocrx_word' id='word_1_78' title='bbox 1041 1426 1077 1492; x_wconf 78' lang='lat' dir='ltr'><strong>cf.</strong></span> <span class='ocrx_word' id='word_1_79' title='bbox 1096 1424 1186 1479; x_wconf 81' lang='lat' dir='ltr'><strong>coroll.</strong></span> 
     </span>
     <span class='ocr_line' id='line_1_14' title="bbox 176 1495 1187 1566; baseline -0.001 -17"><span class='ocrx_word' id='word_1_80' title='bbox 176 1495 248 1566; x_wconf 81' lang='lat' dir='ltr'><strong>LXI)</strong></span> <span class='ocrx_word' id='word_1_81' title='bbox 273 1497 335 1550; x_wconf 77' lang='lat' dir='ltr'><strong>Bae</strong></span> <span class='ocrx_word' id='word_1_82' title='bbox 360 1495 470 1550; x_wconf 88' lang='lat' dir='ltr'><strong>seuenis</strong></span> <span class='ocrx_word' id='word_1_83' title='bbox 489 1517 510 1550; x_wconf 88' lang='grc' dir='ltr'><strong><em>ω</em></strong></span> <span class='ocrx_word' id='word_1_84' title='bbox 536 1495 560 1549; x_wconf 88' lang='lat' dir='ltr'><strong>si</strong></span> <span class='ocrx_word' id='word_1_85' title='bbox 577 1496 680 1550; x_wconf 87' lang='lat' dir='ltr'><strong>ueneni</strong></span> <span class='ocrx_word' id='word_1_86' title='bbox 700 1497 813 1553; x_wconf 75' lang='lat' dir='ltr'><strong>Grotius</strong></span> <span class='ocrx_word' id='word_1_87' title='bbox 831 1496 980 1550; x_wconf 79' lang='lat' dir='ltr'><strong>sementim</strong></span> <span class='ocrx_word' id='word_1_88' title='bbox 997 1496 1140 1551; x_wconf 71' lang='lat' dir='ltr'><strong>Marcam</strong></span> <span class='ocrx_word' id='word_1_89' title='bbox 1158 1510 1187 1548; x_wconf 88' lang='lat' dir='ltr'><strong>se</strong></span> 
     </span>
     <span class='ocr_line' id='line_1_15' title="bbox 177 1566 1187 1638; baseline -0.001 -18"><span class='ocrx_word' id='word_1_90' title='bbox 177 1566 287 1620; x_wconf 91' lang='lat' dir='ltr'><strong>ueneris</strong></span> <span class='ocrx_word' id='word_1_91' title='bbox 302 1568 438 1638; x_wconf 71' lang='lat' dir='ltr'><strong>Bequiue</strong></span> <span class='ocrx_word' id='word_1_92' title='bbox 451 1569 497 1636; x_wconf 78' lang='lat' dir='ltr'><strong>(cf.</strong></span> <span class='ocrx_word' id='word_1_93' title='bbox 512 1567 568 1621; x_wconf 85' lang='lat' dir='ltr'><strong>Leo</strong></span> <span class='ocrx_word' id='word_1_94' title='bbox 583 1568 628 1622; x_wconf 83' lang='lat' dir='ltr'><strong>Pl.</strong></span> <span class='ocrx_word' id='word_1_95' title='bbox 644 1568 678 1622; x_wconf 84' lang='lat' dir='ltr'><strong>F.</strong></span> <span class='ocrx_word' id='word_1_96' title='bbox 694 1573 757 1636; x_wconf 84' lang='grc'>293)</span> <span class='ocrx_word' id='word_1_97' title='bbox 812 1570 841 1621; x_wconf 73' lang='lat' dir='ltr'><strong>et</strong></span> <span class='ocrx_word' id='word_1_98' title='bbox 856 1568 998 1623; x_wconf 81' lang='lat' dir='ltr'><strong>Merceras</strong></span> <span class='ocrx_word' id='word_1_99' title='bbox 1011 1570 1070 1637; x_wconf 72' lang='lat' dir='ltr'><strong>scu</strong></span> <span class='ocrx_word' id='word_1_100' title='bbox 1085 1571 1100 1620; x_wconf 80' lang='lat' dir='ltr'><strong>e</strong></span> <span class='ocrx_word' id='word_1_101' title='bbox 1115 1567 1150 1635; x_wconf 83' lang='lat' dir='ltr'><strong>(b.</strong></span> <span class='ocrx_word' id='word_1_102' title='bbox 1165 1583 1187 1620; x_wconf 89' lang='lat' dir='ltr'><strong>c.</strong></span> 
     </span>
     <span class='ocr_line' id='line_1_16' title="bbox 177 1638 847 1708; baseline 0.003 -18"><span class='ocrx_word' id='word_1_103' title='bbox 177 1639 231 1708; x_wconf 74' lang='lat' dir='ltr'><strong>est)</strong></span> <span class='ocrx_word' id='word_1_104' title='bbox 249 1645 313 1693; x_wconf 79' lang='lat' dir='ltr'><strong>teste</strong></span> <span class='ocrx_word' id='word_1_105' title='bbox 333 1639 437 1693; x_wconf 76' lang='lat' dir='ltr'><strong>Oreioue</strong></span> <span class='ocrx_word' id='word_1_106' title='bbox 455 1638 482 1691; x_wconf 90' lang='lat' dir='ltr'><strong><em>L</em></strong></span> <span class='ocrx_word' id='word_1_107' title='bbox 536 1641 666 1692; x_wconf 74' lang='lat' dir='ltr'><strong>autumas</strong></span> <span class='ocrx_word' id='word_1_108' title='bbox 687 1639 847 1694; x_wconf 73' lang='lat' dir='ltr'><strong>Vrbia30&#39;1</strong></span> 
     </span>
    </p>
   </div>
   <div class='ocr_carea' id='block_1_10' title="bbox 658 1789 702 1847">
    <p class='ocr_par' dir='ltr' id='par_1_10' title="bbox 658 1789 702 1847">
     <span class='ocr_line' id='line_1_17' title="bbox 658 1789 702 1847; baseline 0 0"><span class='ocrx_word' id='word_1_109' title='bbox 658 1789 702 1847; x_wconf 89' lang='lat' dir='ltr'><strong>IX</strong></span> 
     </span>
    </p>
   </div>
   <div class='ocr_carea' id='block_1_11' title="bbox 124 1888 1190 2062">
    <p class='ocr_par' dir='ltr' id='par_1_11' title="bbox 124 1888 1190 2062">
     <span class='ocr_line' id='line_1_18' title="bbox 124 1888 1190 1978; baseline -0.001 -25"><span class='ocrx_word' id='word_1_110' title='bbox 124 1905 176 1953; x_wconf 78' lang='lat' dir='ltr'><strong>uec</strong></span> <span class='ocrx_word' id='word_1_111' title='bbox 187 1888 315 1966; x_wconf 76' lang='lat' dir='ltr'><strong>Quaene</strong></span> <span class='ocrx_word' id='word_1_112' title='bbox 338 1893 376 1954; x_wconf 77' lang='lat' dir='ltr'><strong>ub</strong></span> <span class='ocrx_word' id='word_1_113' title='bbox 399 1888 496 1955; x_wconf 76' lang='lat' dir='ltr'><strong>Graio</strong></span> <span class='ocrx_word' id='word_1_114' title='bbox 515 1888 579 1954; x_wconf 73' lang='lat' dir='ltr'><strong>ubi</strong></span> <span class='ocrx_word' id='word_1_115' title='bbox 598 1896 791 1976; x_wconf 78' lang='lat' dir='ltr'>congenerat</span> <span class='ocrx_word' id='word_1_116' title='bbox 808 1892 942 1978; x_wconf 74' lang='lat' dir='ltr'><strong>gentum</strong></span> <span class='ocrx_word' id='word_1_117' title='bbox 961 1893 1017 1954; x_wconf 69' lang='lat' dir='ltr'><strong>aui</strong></span> <span class='ocrx_word' id='word_1_118' title='bbox 1034 1910 1190 1976; x_wconf 81' lang='lat' dir='ltr'><strong>generum</strong></span> 
     </span>
     <span class='ocr_line' id='line_1_19' title="bbox 815 1996 989 2062; baseline -0.006 0"><span class='ocrx_word' id='word_1_119' title='bbox 815 1996 989 2062; x_wconf 78' lang='lat' dir='ltr'><strong>adfinibus?</strong></span> 
     </span>
    </p>
   </div>
   <div class='ocr_carea' id='block_1_12' title="bbox 177 2106 1189 2234">
    <p class='ocr_par' dir='ltr' id='par_1_12' title="bbox 177 2106 1189 2234">
     <span class='ocr_line' id='line_1_20' title="bbox 177 2106 1189 2234; baseline -0.002 -71"><span class='ocrx_word' id='word_1_120' title='bbox 177 2109 320 2234; x_wconf 39' lang='lat' dir='ltr'><strong>Fidinism</strong></span> <span class='ocrx_word' id='word_1_121' title='bbox 339 2114 382 2208; x_wconf 55' lang='grc'><strong>24,</strong></span> <span class='ocrx_word' id='word_1_122' title='bbox 397 2116 431 2165; x_wconf 89' lang='grc'><strong>28</strong></span> <span class='ocrx_word' id='word_1_123' title='bbox 452 2110 677 2179; x_wconf 77' lang='lat' dir='ltr'><strong>‘congenerat</strong></span> <span class='ocrx_word' id='word_1_124' title='bbox 696 2113 739 2164; x_wconf 80' lang='lat' dir='ltr'><strong>est</strong></span> <span class='ocrx_word' id='word_1_125' title='bbox 758 2107 895 2180; x_wconf 76' lang='lat' dir='ltr'><strong>adiungib‚</strong></span> <span class='ocrx_word' id='word_1_126' title='bbox 915 2106 1050 2164; x_wconf 77' lang='lat' dir='ltr'><strong>adsociat.</strong></span> <span class='ocrx_word' id='word_1_127' title='bbox 1087 2107 1189 2162; x_wconf 88' lang='lat' dir='ltr'><strong>Accius</strong></span> 
     </span>
    </p>
   </div>
   <div class='ocr_carea' id='block_1_13' title="bbox 178 2276 1190 2562">
    <p class='ocr_par' dir='ltr' id='par_1_13' title="bbox 178 2276 1190 2562">
     <span class='ocr_line' id='line_1_21' title="bbox 249 2276 1190 2349; baseline -0.001 -17"><span class='ocrx_word' id='word_1_128' title='bbox 249 2295 357 2348; x_wconf 91' lang='lat' dir='ltr'><strong>quaeue</strong></span> <span class='ocrx_word' id='word_1_129' title='bbox 371 2283 404 2334; x_wconf 77' lang='lat' dir='ltr'><strong>ut</strong></span> <span class='ocrx_word' id='word_1_130' title='bbox 412 2281 511 2349; x_wconf 75' lang='lat' dir='ltr'><strong>scripsi</strong></span> <span class='ocrx_word' id='word_1_131' title='bbox 523 2296 613 2349; x_wconf 89' lang='lat' dir='ltr'><strong>queue</strong></span> <span class='ocrx_word' id='word_1_132' title='bbox 628 2282 659 2334; x_wconf 78' lang='lat' dir='ltr'><strong>at</strong></span> <span class='ocrx_word' id='word_1_133' title='bbox 668 2279 703 2334; x_wconf 90' lang='lat' dir='ltr'><strong><em>H</em></strong></span> <span class='ocrx_word' id='word_1_134' title='bbox 708 2279 789 2334; x_wconf 75' lang='lat' dir='ltr'><strong>’LW</strong></span> <span class='ocrx_word' id='word_1_135' title='bbox 798 2298 824 2347; x_wconf 92' lang='lat' dir='ltr'><strong>q.</strong></span> <span class='ocrx_word' id='word_1_136' title='bbox 840 2280 961 2335; x_wconf 70' lang='lat' dir='ltr'><strong>uscueat</strong></span> <span class='ocrx_word' id='word_1_137' title='bbox 971 2277 1005 2332; x_wconf 88' lang='lat' dir='ltr'><strong><em>H</em></strong></span> <span class='ocrx_word' id='word_1_138' title='bbox 1011 2284 1074 2332; x_wconf 77' lang='lat' dir='ltr'><strong>tecte</strong></span> <span class='ocrx_word' id='word_1_139' title='bbox 1086 2276 1190 2332; x_wconf 74' lang='lat' dir='ltr'><strong>eneas</strong></span> 
     </span>
     <span class='ocr_line' id='line_1_22' title="bbox 178 2346 1189 2420; baseline -0.003 -17"><span class='ocrx_word' id='word_1_140' title='bbox 178 2368 204 2418; x_wconf 89' lang='lat' dir='ltr'><strong>q.</strong></span> <span class='ocrx_word' id='word_1_141' title='bbox 228 2354 296 2405; x_wconf 81' lang='lat' dir='ltr'><strong>neat</strong></span> <span class='ocrx_word' id='word_1_142' title='bbox 319 2351 350 2405; x_wconf 82' lang='lat' dir='ltr'><em>F</em></span> <span class='ocrx_word' id='word_1_143' title='bbox 417 2349 497 2420; x_wconf 77' lang='lat' dir='ltr'><strong>grafc</strong></span> <span class='ocrx_word' id='word_1_144' title='bbox 521 2351 591 2406; x_wconf 86' lang='lat' dir='ltr'><strong>LW</strong></span> <span class='ocrx_word' id='word_1_145' title='bbox 611 2369 679 2406; x_wconf 83' lang='lat' dir='ltr'><strong>cerr.</strong></span> <span class='ocrx_word' id='word_1_146' title='bbox 707 2350 779 2405; x_wconf 86' lang='lat' dir='ltr'><strong>frafo</strong></span> <span class='ocrx_word' id='word_1_147' title='bbox 800 2351 851 2405; x_wconf 83' lang='lat' dir='ltr'><strong>W²</strong></span> <span class='ocrx_word' id='word_1_148' title='bbox 922 2365 1061 2417; x_wconf 77' lang='lat' dir='ltr'><strong>quaenam</strong></span> <span class='ocrx_word' id='word_1_149' title='bbox 1089 2346 1189 2402; x_wconf 79' lang='lat' dir='ltr'><strong>Graios</strong></span> 
     </span>
     <span class='ocr_line' id='line_1_23' title="bbox 179 2417 1136 2493; baseline -0.003 -17"><span class='ocrx_word' id='word_1_150' title='bbox 179 2423 365 2493; x_wconf 71' lang='lat' dir='ltr'><strong>Kiceeliaqa&#39;ue</strong></span> <span class='ocrx_word' id='word_1_151' title='bbox 392 2439 501 2490; x_wconf 85' lang='lat' dir='ltr'><strong>quaeue</strong></span> <span class='ocrx_word' id='word_1_152' title='bbox 529 2421 665 2492; x_wconf 78' lang='lat' dir='ltr'><strong>adgnaeio</strong></span> <span class='ocrx_word' id='word_1_153' title='bbox 688 2423 751 2476; x_wconf 77' lang='lat' dir='ltr'><strong>Bae</strong></span> <span class='ocrx_word' id='word_1_154' title='bbox 778 2438 887 2490; x_wconf 89' lang='lat' dir='ltr'><strong>quaeue</strong></span> <span class='ocrx_word' id='word_1_155' title='bbox 914 2421 987 2475; x_wconf 89' lang='lat' dir='ltr'><strong>hanc</strong></span> <span class='ocrx_word' id='word_1_156' title='bbox 1010 2417 1095 2474; x_wconf 85' lang='lat' dir='ltr'><strong>Graio</strong></span> <span class='ocrx_word' id='word_1_157' title='bbox 1115 2436 1136 2473; x_wconf 74' lang='lat' dir='ltr'><strong>:e</strong></span> 
     </span>
     <span class='ocr_line' id='line_1_24' title="bbox 178 2491 615 2562; baseline 0.002 -17"><span class='ocrx_word' id='word_1_158' title='bbox 178 2495 294 2562; x_wconf 77' lang='lat' dir='ltr'><strong>gentum</strong></span> <span class='ocrx_word' id='word_1_159' title='bbox 312 2494 431 2548; x_wconf 78' lang='lat' dir='ltr'><strong>Botbiue</strong></span> <span class='ocrx_word' id='word_1_160' title='bbox 448 2491 576 2562; x_wconf 74' lang='lat' dir='ltr'><strong>gentium</strong></span> <span class='ocrx_word' id='word_1_161' title='bbox 594 2514 615 2546; x_wconf 88' lang='grc' dir='ltr'>ω</span> 
     </span>
    </p>
   </div>
   <div class='ocr_carea' id='block_1_14' title="bbox 557 2642 808 2702">
    <p class='ocr_par' dir='ltr' id='par_1_14' title="bbox 557 2642 808 2702">
     <span class='ocr_line' id='line_1_25' title="bbox 557 2642 808 2702; baseline 0 0"><span class='ocrx_word' id='word_1_162' title='bbox 557 2642 808 2702; x_wconf 78' lang='lat' dir='ltr'>PHOENISSAE</span> 
     </span>
    </p>
   </div>
   <div class='ocr_carea' id='block_1_15' title="bbox 179 2768 1081 3250">
    <p class='ocr_par' dir='ltr' id='par_1_15' title="bbox 179 2768 1081 3250">
     <span class='ocr_line' id='line_1_26' title="bbox 675 2768 691 2825; baseline 0 0"><span class='ocrx_word' id='word_1_163' title='bbox 675 2768 691 2825; x_wconf 92' lang='lat' dir='ltr'>I</span> 
     </span>
     <span class='ocr_line' id='line_1_27' title="bbox 181 2857 1021 2951; baseline -0.001 -20"><span class='ocrx_word' id='word_1_164' title='bbox 181 2866 238 2931; x_wconf 83' lang='lat' dir='ltr'><strong>Sol</strong></span> <span class='ocrx_word' id='word_1_165' title='bbox 261 2857 511 2951; x_wconf 78' lang='lat' dir='ltr'><strong>qus&#39;micantem</strong></span> <span class='ocrx_word' id='word_1_166' title='bbox 535 2866 669 2932; x_wconf 76' lang='lat' dir='ltr'><strong>candido</strong></span> <span class='ocrx_word' id='word_1_167' title='bbox 693 2888 789 2931; x_wconf 89' lang='lat' dir='ltr'><strong>curru</strong></span> <span class='ocrx_word' id='word_1_168' title='bbox 811 2867 908 2951; x_wconf 77' lang='lat' dir='ltr'><strong>atque</strong></span> <span class='ocrx_word' id='word_1_169' title='bbox 931 2865 1021 2950; x_wconf 85' lang='lat' dir='ltr'><strong>equis</strong></span> 
     </span>
     <span class='ocr_line' id='line_1_28' title="bbox 179 2973 948 3058; baseline 0 -21"><span class='ocrx_word' id='word_1_170' title='bbox 179 2973 358 3037; x_wconf 70' lang='lat' dir='ltr'><strong>Flammam</strong></span> <span class='ocrx_word' id='word_1_171' title='bbox 382 2973 488 3038; x_wconf 77' lang='lat' dir='ltr'><strong>cibatis</strong></span> <span class='ocrx_word' id='word_1_172' title='bbox 510 2973 635 3037; x_wconf 77' lang='lat' dir='ltr'><strong>feuridc</strong></span> <span class='ocrx_word' id='word_1_173' title='bbox 659 2973 772 3037; x_wconf 87' lang='lat' dir='ltr'><strong>ardore</strong></span> <span class='ocrx_word' id='word_1_174' title='bbox 795 2973 948 3058; x_wconf 79' lang='lat' dir='ltr'><strong>explicas,</strong></span> 
     </span>
     <span class='ocr_line' id='line_1_29' title="bbox 181 3077 1081 3166; baseline -0.002 -22"><span class='ocrx_word' id='word_1_175' title='bbox 181 3078 338 3157; x_wconf 70' lang='lat' dir='ltr'><strong>Quianam</strong></span> <span class='ocrx_word' id='word_1_176' title='bbox 361 3083 428 3143; x_wconf 77' lang='lat' dir='ltr'><strong>iam</strong></span> <span class='ocrx_word' id='word_1_177' title='bbox 451 3078 584 3143; x_wconf 88' lang='lat' dir='ltr'><strong>aduerso</strong></span> <span class='ocrx_word' id='word_1_178' title='bbox 607 3079 743 3166; x_wconf 78' lang='lat' dir='ltr'><strong>augurio</strong></span> <span class='ocrx_word' id='word_1_179' title='bbox 767 3084 799 3143; x_wconf 79' lang='lat' dir='ltr'><strong>et</strong></span> <span class='ocrx_word' id='word_1_180' title='bbox 821 3079 952 3143; x_wconf 88' lang='lat' dir='ltr'><strong>inimice</strong></span> <span class='ocrx_word' id='word_1_181' title='bbox 976 3077 1081 3142; x_wconf 79' lang='lat' dir='ltr'><strong>dmine</strong></span> 
     </span>
     <span class='ocr_line' id='line_1_30' title="bbox 181 3185 978 3250; baseline -0.003 0"><span class='ocrx_word' id='word_1_182' title='bbox 181 3185 301 3250; x_wconf 83' lang='lat' dir='ltr'><strong>Thebis</strong></span> <span class='ocrx_word' id='word_1_183' title='bbox 323 3185 483 3250; x_wconf 77' lang='lat' dir='ltr'><strong>radiatum</strong></span> <span class='ocrx_word' id='word_1_184' title='bbox 504 3185 613 3249; x_wconf 81' lang='lat' dir='ltr'><strong>lumen</strong></span> <span class='ocrx_word' id='word_1_185' title='bbox 637 3186 779 3250; x_wconf 68' lang='lat' dir='ltr'><strong>ostentas</strong></span> <span class='ocrx_word' id='word_1_186' title='bbox 801 3189 894 3249; x_wconf 77' lang='lat' dir='ltr'><strong>tuum</strong></span> <span class='ocrx_word' id='word_1_187' title='bbox 913 3185 978 3249; x_wconf 80' lang='lat'><strong>—?</strong></span> 
     </span>
    </p>
   </div>
   <div class='ocr_carea' id='block_1_16' title="bbox 181 3304 1193 3517">
    <p class='ocr_par' dir='ltr' id='par_1_16' title="bbox 181 3304 1193 3517">
     <span class='ocr_line' id='line_1_31' title="bbox 252 3304 1191 3376; baseline -0.002 -16"><span class='ocrx_word' id='word_1_188' title='bbox 252 3306 412 3360; x_wconf 81' lang='lat' dir='ltr'><strong>Priscianus</strong></span> <span class='ocrx_word' id='word_1_189' title='bbox 431 3307 466 3360; x_wconf 90' lang='lat' dir='ltr'><strong>de</strong></span> <span class='ocrx_word' id='word_1_190' title='bbox 479 3305 576 3361; x_wconf 76' lang='lat' dir='ltr'><strong>metris</strong></span> <span class='ocrx_word' id='word_1_191' title='bbox 591 3306 651 3362; x_wconf 82' lang='lat' dir='ltr'><strong>Ter.</strong></span> <span class='ocrx_word' id='word_1_192' title='bbox 666 3325 693 3376; x_wconf 91' lang='lat' dir='ltr'><strong>p.</strong></span> <span class='ocrx_word' id='word_1_193' title='bbox 709 3312 777 3360; x_wconf 79' lang='lat'>1325</span> <span class='ocrx_word' id='word_1_194' title='bbox 792 3305 822 3360; x_wconf 89' lang='lat' dir='ltr'><strong>P.</strong></span> <span class='ocrx_word' id='word_1_195' title='bbox 842 3304 929 3375; x_wconf 80' lang='lat' dir='ltr'>(CGL.</span> <span class='ocrx_word' id='word_1_196' title='bbox 943 3306 1049 3359; x_wconf 81' lang='lat'>111424</span> <span class='ocrx_word' id='word_1_197' title='bbox 1063 3305 1107 3374; x_wconf 91' lang='grc' dir='ltr'><strong>Κ.)</strong></span> <span class='ocrx_word' id='word_1_198' title='bbox 1128 3305 1191 3358; x_wconf 88' lang='lat' dir='ltr'><strong>‘nec</strong></span> 
     </span>
     <span class='ocr_line' id='line_1_32' title="bbox 182 3375 1192 3446; baseline -0.002 -15"><span class='ocrx_word' id='word_1_199' title='bbox 182 3378 273 3432; x_wconf 90' lang='lat' dir='ltr'><strong>solum</strong></span> <span class='ocrx_word' id='word_1_200' title='bbox 294 3376 394 3432; x_wconf 87' lang='lat' dir='ltr'><strong>comici</strong></span> <span class='ocrx_word' id='word_1_201' title='bbox 417 3376 610 3442; x_wconf 86' lang='lat' dir='ltr'><strong>huiuscemodi</strong></span> <span class='ocrx_word' id='word_1_202' title='bbox 629 3381 695 3432; x_wconf 77' lang='lat' dir='ltr'><strong>sunt</strong></span> <span class='ocrx_word' id='word_1_203' title='bbox 712 3377 758 3432; x_wconf 86' lang='lat' dir='ltr'><strong>usi</strong></span> <span class='ocrx_word' id='word_1_204' title='bbox 775 3376 890 3444; x_wconf 82' lang='lat' dir='ltr'><strong>iambis,</strong></span> <span class='ocrx_word' id='word_1_205' title='bbox 914 3377 964 3431; x_wconf 88' lang='lat' dir='ltr'><strong>sed</strong></span> <span class='ocrx_word' id='word_1_206' title='bbox 982 3376 1070 3431; x_wconf 79' lang='lat' dir='ltr'><strong>etiarn</strong></span> <span class='ocrx_word' id='word_1_207' title='bbox 1087 3375 1192 3446; x_wconf 80' lang='lat' dir='ltr'><strong>tragici</strong></span> 
     </span>
     <span class='ocr_line' id='line_1_33' title="bbox 181 3446 1193 3517; baseline -0.002 -15"><span class='ocrx_word' id='word_1_208' title='bbox 181 3446 368 3503; x_wconf 65' lang='lat' dir='ltr'><strong>uetustissimi</strong></span> <span class='ocrx_word' id='word_1_209' title='bbox 382 3491 458 3504; x_wconf 87' lang='grc'><strong>.....</strong></span> <span class='ocrx_word' id='word_1_210' title='bbox 463 3450 470 3475; x_wconf 91' lang='grc'><em>’</em></span> <span class='ocrx_word' id='word_1_211' title='bbox 508 3448 642 3504; x_wconf 88' lang='lat' dir='ltr'><strong>Versibus</strong></span> <span class='ocrx_word' id='word_1_212' title='bbox 663 3457 676 3503; x_wconf 94' lang='lat'>1</span> <span class='ocrx_word' id='word_1_213' title='bbox 697 3452 759 3503; x_wconf 77' lang='lat' dir='ltr'><strong>et2</strong></span> <span class='ocrx_word' id='word_1_214' title='bbox 784 3447 919 3517; x_wconf 88' lang='lat' dir='ltr'><strong>Apuleius</strong></span> <span class='ocrx_word' id='word_1_215' title='bbox 938 3463 1049 3516; x_wconf 88' lang='lat' dir='ltr'><strong>quoquc</strong></span> <span class='ocrx_word' id='word_1_216' title='bbox 1067 3464 1124 3501; x_wconf 91' lang='lat' dir='ltr'><strong>non</strong></span> <span class='ocrx_word' id='word_1_217' title='bbox 1142 3464 1193 3501; x_wconf 92' lang='lat' dir='ltr'><strong>no-</strong></span> 
     </span>
    </p>
   </div>
   <div class='ocr_carea' id='block_1_17' title="bbox 181 3517 1193 3660">
    <p class='ocr_par' dir='ltr' id='par_1_17' title="bbox 181 3517 1193 3660">
     <span class='ocr_line' id='line_1_34' title="bbox 181 3517 1193 3590; baseline -0.001 -17"><span class='ocrx_word' id='word_1_218' title='bbox 181 3520 289 3573; x_wconf 77' lang='lat' dir='ltr'><strong>minabo</strong></span> <span class='ocrx_word' id='word_1_219' title='bbox 313 3522 427 3574; x_wconf 76' lang='lat' dir='ltr'><strong>auctore</strong></span> <span class='ocrx_word' id='word_1_220' title='bbox 450 3523 527 3590; x_wconf 83' lang='lat' dir='ltr'><strong>(nam</strong></span> <span class='ocrx_word' id='word_1_221' title='bbox 547 3520 651 3574; x_wconf 86' lang='lat' dir='ltr'><strong>lacuna</strong></span> <span class='ocrx_word' id='word_1_222' title='bbox 670 3517 868 3589; x_wconf 82' lang='lat' dir='ltr'><strong>praecedentia</strong></span> <span class='ocrx_word' id='word_1_223' title='bbox 886 3520 989 3573; x_wconf 77' lang='lat' dir='ltr'><strong>hausta</strong></span> <span class='ocrx_word' id='word_1_224' title='bbox 1008 3521 1083 3588; x_wconf 74' lang='lat' dir='ltr'><strong>suut)</strong></span> <span class='ocrx_word' id='word_1_225' title='bbox 1102 3517 1193 3572; x_wconf 76' lang='lat' dir='ltr'><strong>utitur</strong></span> 
     </span>
     <span class='ocr_line' id='line_1_35' title="bbox 181 3589 577 3660; baseline 0.018 -17"><span class='ocrx_word' id='word_1_226' title='bbox 181 3589 212 3644; x_wconf 93' lang='lat' dir='ltr'><strong>in</strong></span> <span class='ocrx_word' id='word_1_227' title='bbox 230 3589 333 3644; x_wconf 80' lang='lat' dir='ltr'><strong>Florid.</strong></span> <span class='ocrx_word' id='word_1_228' title='bbox 348 3590 422 3645; x_wconf 89' lang='lat'>1110</span> <span class='ocrx_word' id='word_1_229' title='bbox 439 3609 466 3660; x_wconf 88' lang='lat' dir='ltr'><strong>p.</strong></span> <span class='ocrx_word' id='word_1_230' title='bbox 483 3597 516 3646; x_wconf 79' lang='lat'><strong>13</strong></span> <span class='ocrx_word' id='word_1_231' title='bbox 530 3590 577 3650; x_wconf 86' lang='lat' dir='ltr'><strong>Kr.</strong></span> 
     </span>
    </p>
   </div>
   <div class='ocr_carea' id='block_1_18' title="bbox 0 0 1352 3980">
    <p class='ocr_par' dir='ltr' id='par_1_18' title="bbox 0 0 1352 3980">
     <span class='ocr_line' id='line_1_36' title="bbox 0 0 1352 3980; baseline 0 0"><span class='ocrx_word' id='word_1_232' title='bbox 0 0 1352 3980; x_wconf 95' lang='lat' dir='ltr'><strong> </strong></span> 
     </span>
    </p>
   </div>
  </div>
 </body>
</html>
