2644 3982
305 205 355 258 EX
372 203 538 258 INCERTIS
557 197 797 256 INOERTORVM
815 199 967 256 FABVLIS
1075 198 1140 263 305
1161 214 1164 218 ’

132 367 264 422 fortasse:
296 381 326 418 re
367 381 383 418 o
410 332 467 417 non
495 378 584 430 aequo
613 360 706 414 animo
734 359 869 415 carebas’
915 351 998 413 Medo
1026 343 1143 412 Pacuvii
1188 419 1209 438 Ἴ.

131 436 257 492 reddidit
274 437 327 489 We
340 436 448 490 okerus.

205 549 221 596 2
242 558 367 596 umorem
389 541 455 611 Rep.
480 540 553 593 Pru.
577 538 723 592 humorem
747 538 821 592 Gadi
842 539 934 592 Brun.
1007 537 1142 607 exanguis

135 615 208 670 (dud.
228 629 405 684 exanguestp
460 616 475 664 3
495 610 581 665 situm
598 609 672 662 inter
686 607 741 662 oris
756 609 954 664 Lachmauuua
972 608 1029 662 situ
1042 607 1142 662 intoris

134 686 245 740 Marad
279 683 334 738 situ
361 681 511 751 nitoris-ur
540 680 596 734 situ
622 679 744 733 mucoris
770 681 812 734 uel
838 697 860 735 s,
888 679 1026 734 indecoris
1053 682 1141 735 uel's.

133 755 250 811 uictoris
269 757 350 811 retem
370 754 476 810 anau.
497 752 554 807 situ
571 751 678 805 nidoris
697 753 749 806 alii
767 750 853 804 situm
871 750 936 806 uide
956 750 1011 805 oris
1025 752 1144 806 Botbius

135 828 192 882 situ
210 826 330 898 nigroris
349 827 429 881 tacite
443 825 580 880 Vahleaus
597 824 655 878 iad.
673 825 741 877 lectt
757 827 826 876 1878
837 841 866 891 p.
882 827 898 876 6
952 822 1055 892 pedore
1071 823 1143 878 Gadss

134 901 201 970 Eup.
221 899 309 966 Pau,
328 915 409 967 qaam
427 898 591 966 scripturam
608 898 701 949 tuetur
719 891 908 963 Heobeiseaus
970 893 1084 948 horrida
1102 897 1144 948 at-

97 1031 99 1034 ,
136 987 191 1040 que
210 991 231 1024 ω
281 969 389 1024 Deleud
407 969 493 1036 atque
511 967 641 1034 Bottiao,
662 965 792 1034 probauit
814 972 904 1020 uatem
926 982 1032 1020 uersum
1049 967 1144 1038 lipper-

93 1071 94 1074 ¹
136 1049 250 1096 metrmu
265 1047 328 1110 post
345 1040 555 1093 Lachmoaaam
574 1038 711 1091 Volaterras
762 1097 769 1114 ἱ
930 1063 933 1069 ·
1146 1045 1149 1049 ·

594 1249 596 1254 .
606 1203 677 1264 0111

55 1325 56 1328 ’
132 1293 339 1374 ΙΜειιιὶιιιέὺιιι
362 1311 394 1370 te
416 1307 571 1392 sponde're
594 1304 676 1370 mihi
699 1307 830 1391 gnatdm
853 1306 963 1369 tuam?
987 1303 989 1308 ’

209 1429 298 1482 Varro
317 1428 353 1481 de
369 1427 388 1482 l.
408 1428 426 1482 l.
441 1427 481 1481 VI
496 1435 528 1482 72
551 1427 607 1481 ‘sio
626 1427 853 1496 despondisse
872 1426 1018 1480 animum
1036 1443 1148 1494 quoque

41 1548 45 1556 .
140 1499 244 1554 dicitur
270 1501 303 1552 ut
327 1498 510 1568 despondisse
532 1498 658 1568 filiam,
687 1499 763 1566 quod
787 1515 853 1552 suae
877 1497 984 1567 spontis
1009 1499 1148 1552 statuerat

138 1571 234 1624 finem:
259 1587 276 1623 a
299 1587 355 1639 qua
374 1573 472 1639 sponte
492 1569 584 1624 dicere
601 1570 770 1638 respondere
788 1585 900 1637 quoque
918 1568 1061 1638 dixenmt,
1085 1586 1149 1622 eum

139 1642 175 1696 ad
195 1643 323 1711 spontem
340 1634 548 1710 responderent,
567 1641 598 1694 id
616 1643 660 1695 est
679 1641 715 1694 ad
728 1641 905 1695 uoluntatem
918 1639 1066 1710 rogatoris.
1094 1640 1149 1695 ita-

139 1729 193 1781 que
212 1710 261 1779 qui
280 1713 317 1766 ad
335 1712 365 1765 id
383 1712 459 1780 quod
476 1714 593 1782 rogatur
610 1729 667 1772 non
686 1711 763 1780 dicit,
785 1729 842 1766 non
860 1711 1023 1781 respondet:
1043 1713 1150 1765 utnon

118 1805 121 1809 ·
140 1783 259 1853 spondet
277 1783 327 1837 ille
346 1783 456 1853 statim,
475 1783 531 1852 qui·
544 1783 616 1837 dixit
634 1783 770 1852 spondeo,
790 1782 815 1837 si
832 1783 945 1837 iocandi
965 1799 1050 1837 causa
1069 1781 1149 1851 dixit,

139 1869 230 1921 neque
250 1853 297 1922 agi
314 1857 409 1922 potest
428 1872 491 1908 oum
509 1871 542 1909 eo
561 1871 595 1909 ex
614 1871 725 1923 sponsu.
762 1853 861 1922 Itaque
878 1854 911 1908 -is
931 1854 989 1923 qui
1008 1853 1098 1907 dicit
1116 1853 1151 1907 in

139 1923 336 1996 tragoedia:
364 1925 594 1979 meministin'
615 1942 638 1978 e.
658 1943 684 1992 q.
704 1943 725 1980 s.
767 1926 857 1993 ‘quod
885 1926 946 1981 sine
973 1927 1072 1993 sponte
1100 1941 1151 1977 sua

141 1994 227 2061 dixit,
256 2011 319 2047 oum
346 2010 379 2048 eo
406 2012 464 2049 non
488 1999 583 2066 potest
605 1995 653 2063 agi
676 2012 710 2049 ex
733 1998 855 2064 sponsu.’
890 1997 1018 2066 (itaque
1040 1995 1070 2048 is
1094 1994 1152 2063 qui

139 2065 170 2120 L.
187 2063 352 2134 Spengelius
371 2065 502 2133 itaquis
522 2066 579 2134 qui
593 2065 677 2136 Flor.)
705 2065 802 2134 Potuit
819 2067 890 2121 haec
908 2067 938 2120 in
951 2064 1031 2119 Accii
1040 2065 1152 2126 ,Andro-

140 2136 224 2190 meda
251 2136 367 2189 Perseus
396 2136 487 2190 dicere
515 2137 561 2206 (of,
589 2135 654 2190 hist.
683 2139 756 2206 trag.
779 2141 842 2207 563)
869 2136 915 2191 vel
942 2137 973 2190 in
1000 2135 1152 2190 Hermiona

141 2205 258 2261 Pacuvii
281 2206 483 2274 Neoptolemus
506 2207 648 2276 Menelao,
672 2208 748 2276 quod
769 2211 865 2262 tamen
885 2208 977 2261 minus
995 2206 1151 2276 probabile.

211 2311 388 2365 meministin·
416 2315 497 2384 palpo
528 2312 718 2367 meministine
747 2313 823 2369 Flor.
897 2314 1034 2383 spondere
1062 2314 1151 2369 Laeli-

140 2397 260 2438 mamam
288 2383 460 2452 despondere
489 2384 579 2454 Flam,
608 2386 680 2454 qaod
707 2387 755 2454 qai
779 2402 886 2440 seruare
908 2387 976 2440 uolet
1001 2387 1043 2454 (at
1065 2387 1153 2441 suuar't

141 2456 224 2510 etiam
246 2454 382 2510 Deiotalco
404 2473 468 2510 aaa.
490 2457 559 2526 phul.
580 2460 648 2510 1876
667 2457 775 2524 12238)
798 2463 849 2512 aut
871 2458 972 2511 lucano
990 2458 1153 2526 interposita

142 2523 317 2580 meministin
344 2528 373 2579 te
401 2525 572 2596 despondere
594 2525 711 2581 ..mihi
737 2544 763 2596 g.
792 2529 812 2582 t.
840 2529 1012 2583 scribarum
1039 2533 1089 2582 aut
1114 2529 1154 2582 sie
1217 2565 1219 2571 ·

142 2595 332 2651 meministine
356 2597 432 2666 desp.
454 2599 483 2651 te
501 2597 572 2651 milii
589 2603 619 2668 g.'
635 2600 655 2652 t.
675 2601 909 2668 transponendum
927 2606 972 2653 eat.
1037 2601 1154 2670 gnatam

144 2670 226 2739 oalpo
245 2670 380 2738 agnetam
400 2668 477 2724 Flor.
497 2672 647 2738 cognatam
666 2670 763 2724 Horu.
793 2675 801 2692 '

621 2835 687 2896 CIV

147 2931 250 3012 Quam
274 2937 436 3001 cdrosint
459 2959 540 3021 quae
561 2940 636 3023 post
659 2939 794 3003 carendo
817 2939 1022 3025 intellegunt,
1232 2970 1235 2976 ·

146 3039 312 3125 Quamque
335 3043 493 3142 ittinendi
516 3044 626 3130 migni
649 3044 831 3110 dominatus
854 3045 945 3109 sieut.
1017 3107 1019 3112 ,
1158 3061 1209 3113 195

218 3169 313 3224 Cicero
337 3175 407 3226 orat.
427 3177 541 3242 47,157
571 3170 674 3240 ‘quidl
701 3175 777 3243 quod
799 3175 841 3229 sie
863 3175 955 3244 loqui:
978 3193 1060 3230 nosse
1083 3176 1156 3229 iudi-

147 3257 234 3309 casse,
253 3244 366 3310 uetant3
384 3243 497 3298 nouisse
515 3243 616 3298 iubent
634 3247 663 3298 et
679 3244 867 3303 iudicauisse?
882 3291 887 3302 .
900 3292 905 3302 .
918 3291 923 3302 .
938 3247 1035 3316 itaque
1049 3248 1156 3301 utrum-

148 3327 202 3379 que
225 3312 429 3371 Terentius...
446 3315 538 3369 sient
560 3314 675 3384 plenum
699 3320 754 3386 est,
782 3318 852 3372 sint
869 3317 1061 3374 imminutum:
1089 3317 1157 3371 lieet

78 3424 81 3429 .
147 3383 228 3450 utare
248 3385 375 3452 utroque.
413 3401 479 3456 ergo
497 3386 605 3442 ibidem
623 3389 659 3458 [1.
679 3389 728 3459 2].’

218 3506 232 3553 1
260 3499 375 3554 carendi
401 3501 514 3558 Abriuo.
544 3503 666 3556 carenda
693 3505 769 3560 codd.
797 3507 934 3574 tutemet,
963 3505 1158 3560 autumnum

201 3587 274 3640 quae
292 3587 378 3639 quam
396 3571 453 3626 sint
471 3589 538 3628 cara
555 3576 721 3640 amaveram

203 3670 282 3712 Seaen.
296 3683 358 3721 poen.
372 3671 437 3712 Rom.
452 3672 533 3728 fream.
548 3673 582 3714 ad.
598 3673 713 3716 Brauon.
966 3668 999 3716 20
