2662 3978
570 211 607 264 u.
626 183 806 264 rnovvrv's

655 377 726 436 XVI

252 480 430 545 Martianus
455 477 584 564 Capella
606 477 655 544 III
674 478 738 544 257
769 478 859 544 ‘nam
887 477 1016 544 Setum
1042 477 1195 554 ,dicebant

187 609 282 672 quem
303 607 389 652 nuno
412 585 549 650 Zethum
572 586 703 651 dicunt?

256 707 416 762 Priscianus
434 726 461 778 p.
477 712 526 762 661
544 708 574 763 P.
614 709 652 762 ‘I'
668 711 697 762 et
718 712 739 762 Z
757 707 787 761 in
805 706 913 788 graecis
931 708 1127 763 tantummodo
1144 693 1200 778 pos

185 782 290 834 nuntur
316 778 501 847 dictionibus,
529 778 657 847 quamuis
685 778 715 832 in
737 779 835 834 multis
857 782 966 834 ueteres
989 780 1060 834 haec
1083 796 1195 848 quoque

186 853 310 904 mutasse
333 850 527 919 inueniantur,
551 852 580 904 et
602 866 652 920 pro
676 850 749 918 TV,
772 867 823 920 pro
844 854 865 904 Z
884 867 963 919 uero,
986 850 1063 918 quod
1080 867 1130 920 pro
1150 849 1195 904 SD

186 921 342 977 coniunctis
361 921 506 992 accipitur,
526 920 544 975 S
563 921 608 975 uel
622 921 661 979 SS
676 921 722 976 uel
736 922 761 975 D
778 921 913 991 posuisse,
933 924 965 976 ut
975 963 982 976 .
993 965 999 976 .
1011 965 1016 976 .
1029 921 1195 991 Saguntum,

185 1010 279 1047 massa
305 1010 356 1063 pro
386 993 547 1061 Ζάκυνθος,
575 991 869 1062 μᾶζα...86611111’
898 992 994 1063 (immo
1022 992 1134 1062 Setus,
1162 995 1196 1046 ut

185 1064 282 1118 docuit
299 1063 471 1118 Ritsohelius
490 1080 584 1133 opusc.
599 1063 638 1118 IV
654 1067 715 1134 146)
735 1063 799 1133 ‘pro
821 1068 915 1134 Ζῆθος
933 1063 1078 1118 dicentes?
1116 1063 1195 1118 Haeo

185 1136 223 1189 ad
240 1134 394 1190 Pacuvium
416 1135 505 1189 videri
529 1153 541 1188 s
562 1136 655 1188 estare
676 1134 786 1189 monuit
803 1134 999 1189 Fleckeisenus
1018 1134 1106 1204 Epist.
1131 1134 1194 1191 crit.

186 1207 224 1260 ad
241 1207 270 1261 F.
289 1205 476 1260 Ititsohelium
494 1224 521 1275 p.
540 1153 604 1259 iul

256 1278 405 1331 Praeterea
423 1275 591 1346 locupletari
609 1275 691 1329 huius
710 1274 825 1331 fabulae
844 1275 979 1345 reliquiae
998 1279 1117 1346 possunt
1135 1276 1195 1334 his:

186 1348 241 1403 inc.
256 1348 312 1402 fab.
328 1348 435 1403 I-VII.
449 1348 520 1416 LIII,
539 1347 592 1401 inc.
608 1346 661 1400 ino.
680 1347 738 1401 fab.
757 1346 838 1402 LXX.
858 1347 950 1402 CXIX.
971 1345 1049 1402 CXX.

486 1533 686 1594 ARMORVM
709 1531 896 1592 IVDIOIVM

680 1657 697 1717 I

186 1809 273 1827 ....
296 1762 393 1845 se‘que
416 1760 457 1823 ad
479 1759 572 1824 ludos
594 1759 659 1823 iam
682 1758 756 1823 inde
779 1757 896 1823 abhinc
919 1760 1094 1824 exerceant.

258 1880 399 1936 Charisius
418 1901 444 1951 p.
461 1887 511 1936 176
525 1882 556 1936 Ρ.
576 1879 739 1934 ‘abhinc’

257 2003 372 2055 seseque
391 1989 570 2043 Hermionaea

676 2067 708 2124 H

187 2166 252 2245 Qui
272 2169 375 2255 uiget,
397 2168 546 2232 uesca'tur
568 2167 679 2254 armIs,
702 2166 736 2231 id
758 2167 914 2252 percipiat
936 2167 1122 2252 praemium.

171 2293 174 2298 '
255 2290 328 2345 Non.
338 2295 424 2358 416,1
442 2289 552 2344 ‘uesci
566 2289 653 2344 etiam
667 2287 808 2358 significat
822 2287 865 2342 uti
880 2330 885 2341 .
898 2333 902 2343 .
915 2331 920 2342 .
934 2287 1074 2342 Pacuuius
1089 2287 1194 2358 Chryse

187 2402 227 2415 ,..
243 2360 318 2416 idem
336 2361 484 2417 Annorum
502 2360 606 2416 iudicio
622 2362 675 2416 ...’

256 2467 280 2521 it
300 2468 401 2536 GHL,
421 2471 494 2524 arde
511 2468 542 2521 id
559 2486 580 2523 a
597 2469 629 2521 ut
648 2488 669 2535 φ

667 2617 716 2676 III

187 2739 248 2784 ..t
271 2719 327 2803 qui
349 2719 417 2782 sese
441 2718 561 2782 adfines
583 2719 650 2782 esse
674 2719 714 2782 ad
737 2719 930 2785 causandum
952 2721 1080 2805 uolunt,

185 2825 235 2890 De'
257 2825 379 2889 uirtute
402 2824 430 2888 is
454 2827 513 2910 e'go
536 2823 689 2888 cernundi
713 2823 753 2888 do
776 2827 969 2908 potestatem
992 2827 1149 2892 omnibus.

257 2947 443 3013 Non.89,11
474 2944 626 2999 ‘causari
652 2962 766 3000 causam
789 2945 881 3001 dicere
904 2947 951 3000 uel
974 2947 1193 3004 defendere...'

185 3018 263 3072 Idem
281 3022 390 3084 261,19
411 3017 563 3070 ‘cernere
582 3033 691 3070 rursum
710 3016 843 3071 dimiono
861 3017 908 3072 uel
926 3019 1094 3074 contendere
1109 3064 1114 3076 .
1127 3063 1133 3074 .
1145 3021 1163 3074 .’

258 3130 272 3177 1
292 3123 398 3177 adfines
416 3123 521 3178 Jaoa'ua
538 3122 659 3176 adfinem
677 3125 722 3192 (sc.
742 3124 779 3177 ad
797 3124 881 3178 finem
898 3125 969 3194 Bae)
989 3145 1010 3178 ω
1065 3131 1080 3180 2
1100 3125 1144 3180 his
1162 3129 1198 3182 H

182 3215 211 3266 p.
227 3201 261 3250 89
280 3197 310 3249 et
328 3215 349 3248 ω
364 3212 393 3264 p.
409 3199 459 3248 261
514 3196 685 3264 potestatem
704 3195 838 3248 cernundi
856 3195 892 3250 do
912 3194 1040 3250 omnibus
1060 3217 1081 3252 ω
1095 3215 1125 3268 p.
1141 3205 1192 3253 261

667 3363 711 3422 IV

134 3481 167 3531 25
186 3463 248 3531 ‘An
263 3465 334 3550 quis
349 3469 396 3530 est
411 3465 467 3549 qui
481 3467 513 3528 te'
527 3485 594 3530 esse
610 3465 751 3550 dignum,
771 3463 901 3548 quicum
915 3469 1063 3552 cedatur,
1080 3469 1204 3552 putet?

256 3587 328 3643 Non.
348 3593 407 3655 173,
424 3592 458 3640 14
477 3586 647 3641 ‘certatur
665 3602 715 3655 pro
735 3586 844 3640 certat!
