2648 3978
184 189 226 254 62
597 186 628 252 Q.
648 185 784 242 ENNIVS

255 355 269 403 1
291 349 340 402 sed
357 355 452 404 otram
466 347 557 402 Eroti·
574 349 611 403 sit
628 365 667 402 on
681 346 827 416 Ciceronis,
846 349 970 403 dubitari
979 355 1068 418 potest
1113 353 1129 402 2
1144 351 1200 403 aut
1288 347 1298 380 ⁸
1312 298 1313 368 l

182 419 284 489 insani,
303 418 405 487 quibus
425 419 605 475 Harmonice
652 425 670 473 4
689 418 864 473 dracumam:
883 419 919 486 cf.
939 419 1085 474 Ritecliclii
1101 435 1198 489 opusc.

182 493 221 546 ΙΙ
235 497 288 546 469
302 508 357 560 sqq.
381 489 544 544 drachmam
566 490 644 544 Loco
664 489 705 543 B1
728 489 872 543 dracmam
888 491 931 544 ccl
953 490 1139 560 dragmamo

188 564 329 619 Veromo
347 578 405 616 ooo
418 563 501 631 potui
516 563 585 616 miti
599 562 764 631 perniciore
781 561 817 615 ab
831 561 929 616 Minio
943 563 1038 636 potius
1050 563 1197 632 prioribus

182 635 345 689 odiosorum
375 650 457 702 qaam
489 634 595 688 lectorio
625 633 745 687 alicuius
771 633 886 686 Mecioio
913 634 1057 700 confictum
1083 649 1137 688 esec

183 704 365 759 drachumam
382 716 406 772 o
426 703 568 758 dracmam
585 704 628 760 oct
645 701 791 772 dragmam
809 702 889 758 Lcid.
908 703 951 757 13²
969 703 1066 759 Vinci.²

666 834 713 893 ΠΙ
1017 872 1020 882 .

183 938 274 1004 Mire
301 939 433 1022 antiquo
461 935 579 1046 capito
607 939 703 1020 atque
731 935 818 1002 auris
840 935 903 1001 troi
926 941 1038 1002 contra
1059 937 1195 1003 utendis

821 1043 913 1109 dabo.

252 1167 325 1222 Non.
344 1171 440 1236 ooc‚1
461 1164 604 1220 ‘audibo
621 1181 673 1237 pro
692 1163 814 1221 audiam.
851 1165 958 1219 Ennius
976 1165 1127 1221 Telamone
1138 1210 1143 1220 .
1155 1210 1161 1219 .
1174 1166 1192 1220 .’

254 1276 339 1342 atque
357 1274 404 1326 Ba
421 1287 513 1340 neque
532 1292 553 1341 φ
612 1272 733 1326 utendos
751 1272 799 1326 Bo
852 1274 884 1325 tu
902 1271 944 1326 ibi
962 1289 984 1326 c.
1004 1289 1031 1328 u.
1051 1273 1119 1327 dato
1137 1290 1158 1327 o:

665 1403 709 1462 IV

183 1504 295 1572 Scibis
309 1509 421 1570 natum
430 1506 606 1592 inginuum
615 1504 757 1591 Aiacem,
771 1506 825 1571 cui
833 1510 870 1572 tu
881 1506 1080 1571 obsidionim
1090 1529 1193 1592 paras.

252 1627 352 1708 Festus
374 1645 401 1708 p.
423 1633 474 1681 188
491 1627 529 1708 M.
568 1625 813 1708 ‘obsidionem‘
830 1626 925 1698 potius
953 1627 1103 1684 dicendum
1131 1645 1193 1683 esse

181 1716 267 1767 qnam
289 1697 431 1753 obsidium
453 1699 573 1753 adiuuat
595 1715 646 1753 nos
669 1697 833 1754 testimomo
857 1716 907 1754 suo
931 1699 1038 1755 Ennius
1063 1699 1093 1754 in
1110 1699 1193 1754 Tela—

182 1786 265 1825 mone
283 1786 369 1837 quom
387 1769 430 1824 ait
445 1771 498 1826 ...’
671 1849 700 1906 V

181 1949 266 2017 Nam
294 1950 341 2016 ita
368 1950 449 2016 mihi
473 1949 656 2014 Telcminis
682 1950 797 2036 patris,
825 1951 879 2015 aui
901 1949 999 2016 Aiaci
1023 1954 1056 2016 et
1077 1949 1194 2036 procui

820 2055 909 2122 Iouis

129 2162 304 2236 280Gritia
330 2161 430 2230 eostet
457 2164 554 2248 itque
578 2163 640 2228 hoc
662 2163 773 2228 lumen
795 2163 966 2228 cindidum
989 2164 1089 2228 clarit
1110 2163 1193 2229 mihi

252 2286 325 2341 Non.
345 2291 388 2354 85,
403 2291 437 2340 28
457 2284 596 2356 ‘claret‚
615 2285 694 2340 clara
712 2285 779 2339 est’
799 2284 850 2356 (eit
866 2289 896 2356 cc)
917 2285 978 2340 ‘uel
997 2285 1104 2340 clareat
1117 2286 1172 2340 ...²

254 2399 268 2447 1
289 2393 337 2447 ani
359 2391 446 2448 Aeaci
467 2393 605 2465 Bcrqlcios
627 2391 771 2460 atquefaci
790 2413 811 2446 ω
837 2395 923 2460 atque
945 2391 1032 2446 Aeaci
1055 2391 1193 2447 Votienus

181 2465 260 2518 acci.
274 2464 365 2520 Bcrol.
380 2467 428 2520 ret.
444 2469 513 2520 1888
524 2482 553 2534 p.
568 2469 602 2517 32
611 2480 666 2534 sqq.
722 2469 738 2517 2
754 2465 843 2518 ecstet
855 2465 954 2534 scripsi
968 2465 1068 2532 (coeolt.
1078 2462 1192 2532 XXXII)

182 2549 216 2588 ea
239 2537 283 2588 est
301 2555 322 2588 ω
345 2533 421 2589 adsit
442 2537 484 2592 oct
503 2537 578 2590 astet
596 2535 658 2589 Boc
676 2551 737 2589 esse
756 2537 801 2589 est
823 2535 961 2590 Votienus
978 2535 1048 2591 miro
1066 2537 1192 2590 amoninc

234 2604 305 2658 mihi
319 2604 425 2660 clareat
442 2606 545 2661 Ooione
595 2608 757 2662 eeoicotiom
770 2607 896 2678 intolleqo
909 2608 993 2662 hanc:
1007 2607 1049 2660 iio
1062 2607 1130 2662 mai
1143 2607 1193 2661 hoc

183 2677 274 2731 lunico
291 2683 362 2732 ceter
380 2684 460 2748 atqoe
478 2679 580 2734 clareat
598 2679 691 2748 qratia
707 2678 849 2732 maioma
887 2678 923 2745 cf.
941 2694 995 2733 cor.
1015 2693 1080 2733 com.
1100 2677 1147 2732 CX

665 2808 709 2868 VI

181 2910 325 2976 Eindem
348 2933 400 2976 me
423 2911 458 2975 in
479 2909 694 2995 suspicionem
718 2909 846 2974 scileris
868 2910 1005 2995 partiuit
1027 2915 1127 2996 pater.

252 3023 326 3078 Non.
345 3028 455 3093 Misit
476 3021 642 3092 ‘partiret
658 3039 710 3092 pro
728 3021 882 3092 partiretur
898 3023 951 3079 ...’

252 3121 282 3175 in
300 3137 345 3176 me
363 3121 459 3177 Detrio
477 3137 531 3191 me,
549 3136 599 3176 om.
619 3119 658 3190 in,
677 3121 712 3176 H
717 3121 725 3152 ¹

656 3253 717 3312 Vll

181 3355 286 3421 Derim
308 3377 360 3421 me
383 3354 482 3420 sentit
504 3354 608 3420 ficere
630 3355 747 3440 pietas,
770 3355 890 3419 ciuium
913 3356 1025 3440 porcit
1047 3354 1159 3440 pudor.

252 3469 323 3523 Non.
345 3473 405 3536 160,
419 3476 436 3522 4
457 3467 592 3538 ‘porcet
610 3466 752 3537 significat
768 3467 900 3536 prohibet
914 3511 920 3521 .
932 3511 937 3522 .
950 3467 967 3521 .’

254 3565 342 3622 sentit
355 3587 386 3638 ω,
400 3573 491 3623 tactor
503 3565 640 3622 Votienus
648 3566 867 3635 Heron.15‚280‚
882 3581 958 3634 quom
972 3566 1083 3621 interim
1096 3579 1192 3635 sequor
