2644 3982
296 232 346 286 EX
363 231 531 287 INOERTIS
549 231 789 286 INCERTORVM
807 231 959 287 FABVLIS
1068 233 1132 298 303

124 407 251 448 accuses:
270 408 327 445 non
344 391 419 446 enim
437 391 536 461 parui
555 391 677 446 auditu
696 391 907 447 aestimabit.
928 391 980 446 sin
998 391 1133 446 inuere-

125 463 269 516 cundum
292 463 397 516 animi
420 462 454 516 in
486 462 598 517 enium
619 462 788 531 possidet,
811 466 907 517 tamen
927 480 1053 518 accuses:
1076 481 1134 518 non

123 533 198 586 enim
216 534 319 602 probus
339 535 400 588 est!
434 481 521 587 Iuiius
534 533 632 588 Victor
650 533 680 587 in
698 534 781 588 rhett.
800 534 875 588 Latt.
894 553 920 604 p.
936 541 988 588 414
1002 534 1035 589 H.
1057 535 1133 588 ‘oon-

123 603 252 658 uersione
271 605 324 658 hoc
341 606 438 660 modo:
458 606 572 676 [2-4].’
607 605 745 659 Secuntur
763 605 861 659 eadem
879 605 938 659 fere
956 605 1043 660 verba
1060 622 1133 673 quae

58 738 62 746 ,
123 676 199 745 apud
227 675 388 730 Ciceronem
415 675 554 746 leguntur.
591 675 753 729 Victorinus
781 676 890 745 explan.
914 694 941 745 p.
961 682 1025 746 253,
1047 683 1079 730 12
1098 676 1132 732 H.

124 747 169 800 ‘si
187 750 340 815 noratur,
359 746 441 815 quid
460 763 598 800 accuses
613 746 671 814 qui
685 747 811 816 probus
826 750 895 802 est?
915 747 943 800 si
956 764 1022 801 non
1037 764 1132 802 uere-

122 820 189 886 tur,
209 817 291 886 quid
305 834 444 872 accuses
459 817 565 886 quiid
579 817 679 886 parui
693 817 815 872 auditu
830 818 1131 886 aestimatt’eqs

195 930 209 976 1
230 941 316 977 causa
339 941 467 979 accusem
490 941 604 978 causam
626 925 709 980 Hert.
730 925 796 979 Par.
816 931 880 978 rnl
907 941 1036 978 accusem
1059 924 1133 978 hune

121 1011 230 1062 nequeo
249 1011 358 1049 mecum
377 995 407 1048 id
421 997 540 1051 Bomoi)
555 998 587 1049 in
599 1013 650 1066 neq.
704 1012 813 1063 nequeo
829 1012 942 1063 ...qua
963 1012 985 1050 c.
1006 1013 1030 1050 a.
1050 995 1132 1064 hunc,

123 1066 283 1135 exputando
307 1066 437 1120 euoluere
459 1069 524 1122 olim
546 1068 622 1121 edidi
698 1073 713 1119 2
733 1083 861 1120 accusem
883 1067 950 1121 Par.
969 1073 1034 1120 rn2
1055 1066 1132 1122 coro.

122 1138 220 1192 Bomb.
240 1138 320 1192 Leid.
339 1140 377 1192 ad
395 1138 462 1193 Her.
516 1139 646 1190 sautem
666 1155 715 1192 om.
734 1138 818 1192 Bern.
841 1138 916 1192 Coro.
936 1139 1033 1192 Bono.
1053 1138 1131 1192 Leid.

121 1209 244 1263 Darnst.
264 1211 302 1263 nd
320 1209 400 1277 Heu,
420 1210 452 1264 de
470 1210 539 1278 ino,
558 1209 650 1262 Inlins
669 1209 761 1263 Victor
830 1225 958 1262 accusem
977 1209 1042 1264 Per.
1062 1227 1096 1263 ne.
1117 1215 1131 1261 2

124 1280 201 1334 Coro.
229 1280 327 1334 Bnnb.
356 1280 434 1334 Leid.
463 1280 586 1334 Desinet.
612 1281 649 1334 ad
671 1280 739 1334 Her.
813 1279 912 1333 auditu
935 1280 1034 1334 Banrb.
1053 1280 1132 1334 Leid.

121 1351 245 1405 Darnrst.
273 1352 311 1404 nd
333 1351 415 1418 Heu,
443 1352 475 1406 de
502 1352 558 1406 ine.
632 1348 773 1404 existimes
802 1351 916 1419 Herbip.
945 1349 1086 1404 existimet
1110 1371 1131 1419 φ

121 1422 159 1476 nd
177 1422 244 1476 Her.

232 1539 236 1544 -
574 1501 686 1560 XOVII

120 1600 217 1667 Nune
240 1604 309 1688 ego
324 1606 355 1666 te
380 1601 420 1666 ab
444 1625 569 1666 summo
592 1603 657 1666 istm
681 1602 826 1666 detexam
851 1601 991 1666 exordio.

192 1722 274 1777 Rhet.
296 1724 332 1777 ad
350 1724 468 1778 Herenn.
489 1724 507 1778 l.
528 1741 611 1793 supra
630 1724 647 1778 1.

194 1829 324 1882 detexam
343 1830 439 1885 ordine
458 1831 572 1886 exordio
591 1832 690 1886 Bemb.
706 1833 721 1886 b
739 1849 773 1885 ιιι.
789 1849 834 1900 pr.

565 1965 592 2022 X
617 1963 692 2022 VIH
766 2003 768 2008 .

122 2060 235 2126 Axe‘na
253 2062 351 2126 Ponti
369 2086 426 2147 per
444 2064 527 2129 freta
543 1964 679 2128 Ooiihos
698 2063 835 2147 denique
854 2063 978 2126 delatus
997 2062 1132 2126 adhae‘si.

195 2183 314 2239 xcvffl.
333 2182 420 2237 XCIX
444 2183 486 2238 De
508 2187 587 2238 metr.
613 2183 688 2238 OGL.
708 2184 747 2238 VI
765 2189 817 2236 614
835 2183 867 2236 K.
907 2181 1133 2252 ‘Aristophanius
1155 2249 1157 2254 .

123 2257 294 2335 anapaestus
327 2253 463 2327 [XCVIII]
496 2255 597 2324 recipit
628 2256 714 2335 pedes
747 2257 945 2322 qnatemorum
977 2257 1134 2322 temporum

122 2325 449 2468 narrasses
463 2329 576 2451 sesso
589 2325 1133 2477 sorssors.-..serenus

124 2484 178 2536 que
202 2468 359 2536 exemplum
384 2468 532 2522 confictum
551 2485 611 2522 esse
630 2468 755 2522 decrevit
772 2486 802 2535 x,
825 2467 874 2520 sed
893 2466 926 2521 cf.
946 2467 1030 2520 Ennn
1048 2485 1073 2520 v.
1090 2472 1131 2520 71.

123 2538 204 2592 Prius
218 2539 302 2593 Medo
316 2538 433 2593 Pacuvii
451 2538 552 2593 tribuit
565 2539 737 2608 Welokerus‚
757 2555 808 2592 nec
828 2538 947 2592 alterum
964 2540 1014 2590 aut
1028 2537 1064 2591 ab
1078 2537 1133 2590 hac

123 2609 222 2664 fabula
238 2613 289 2665 aut
303 2609 339 2664 ab
349 2610 427 2664 Accii
437 2610 603 2665 Prometheo
613 2611 657 2680 (cf.
668 2609 800 2679 Aeschyli
812 2627 837 2663 v.
849 2612 893 2678 91)
903 2607 1026 2663 alienum
1036 2608 1131 2663 habui.

577 2742 671 2801 XCIX

123 2841 186 2906 Ore‘
213 2843 308 2909 beato
336 2843 457 2908 lumine
485 2844 638 2930 uolitans,
667 2843 723 2927 qui
749 2845 807 2927 pe'r
835 2843 956 2906 caelum
981 2841 1133 2906 candidus

760 2949 897 3034 equitas!

195 3069 256 3139 Ore,
275 3074 293 3126 i.
313 3090 334 3127 e.
353 3073 490 3142 Apolloni
509 3074 569 3126 orte
583 3073 781 3126 Lachmannns
799 3070 873 3124 clare
888 3071 961 3124 Bne:
980 3077 1048 3125 reete
1062 3071 1133 3124 idem

122 3143 189 3196 conl.
211 3141 349 3198 Ciceronis
366 3148 447 3199 Anat.
463 3148 514 3196 180
533 3142 657 3196 uolitans
676 3145 713 3198 ad
731 3144 917 3198 antecedentia
935 3143 1069 3197 revocavit

615 3274 636 3333 G

122 3427 129 3439 .
169 3427 175 3439 .
213 3428 219 3439 .
256 3377 412 3441 odomus
435 3377 581 3461 entique,
603 3375 667 3440 heu
691 3399 787 3460 quam
810 3375 930 3460 dispari
1003 3423 1006 3430 .

121 3481 295 3546 Dominam
319 3482 462 3548 domino!
921 3469 924 3474 ¹
1133 3497 1186 3545 185

195 3603 291 3659 Cicero
321 3604 355 3657 de
384 3603 430 3658 off.
450 3604 464 3657 I
482 3610 596 3675 39,139
627 3604 725 3660 ‘aliter
755 3604 848 3674 ampla
876 3604 975 3659 domus
1003 3602 1133 3657 dedecori
