2644 3982
181 234 248 298 284
354 233 404 286 EX
421 231 587 286 INGERTIS
606 231 845 286 INCERTORVM
863 228 1015 284 FABVLIS

182 411 252 461 quos
271 395 409 446 auxeumt
425 394 533 461 poetae.
562 392 692 460 frequens
711 391 786 445 enim
799 405 944 445 consessus
958 387 1071 455 theatri
1090 386 1190 455 inquo

183 467 248 518 sunt
261 463 442 518 mulierculae
456 465 485 516 et
497 461 585 532 pueri,
599 465 727 517 mouetur
741 461 857 516 audiens
871 463 931 514 tam
944 459 1050 530 grande
1064 475 1191 513 carmon:

183 536 355 590 adsum...
371 534 530 589 inferum:
556 536 722 601 tantumque
744 532 837 588 ualuit
859 549 935 585 error
950 576 954 585 .
967 575 972 585 .
985 575 990 584 .
1005 533 1049 597 ut,
1074 545 1193 598 corpora

183 608 306 660 cremata
333 622 396 658 cum
419 605 535 674 scirent,
562 608 658 658 tamen
680 621 715 658 ea
737 603 797 658 fieri
820 603 896 672 apud
917 602 1021 655 inferos
1044 601 1191 670 fingerent,

182 693 254 746 quae
278 676 337 731 sine
360 676 522 746 corporibus
544 692 595 729 nec
618 675 678 728 fieri
699 677 818 744 possunt
839 691 891 728 nec
913 671 1085 742 intellegi..
1103 670 1190 724 .inde

182 747 296 802 Homeri
317 751 379 802 tota
401 746 510 802 νέκυιαε
535 746 601 800 inde
616 791 621 801 .
635 789 658 801 ..
674 754 876 816 νεκυομαντεῖα
946 744 1013 797 inde
1034 743 1064 795 in
1083 741 1191 795 uicinia

181 822 278 873 nostra
291 818 395 872 Auerni
413 818 500 886 lacus,
518 818 605 871 unde
625 817 756 871 animae
775 816 973 870 excitantur
991 815 1189 869 obscura...

183 890 361 960 sanguine,
393 889 559 958 imagines
591 891 808 943 mortuorum.
849 889 901 941 has
928 890 1024 941 tamen
1050 883 1190 953 imagines

182 961 260 1029 loqui
283 961 402 1015 uolunt?
440 959 619 1030 (imagines
642 963 849 1013 mortuorum
871 957 937 1012 libri
959 956 1067 1026 optimi.
1104 972 1191 1009 mor-

182 1036 316 1086 tuorum
343 1031 510 1100 imagines
537 1030 640 1084 Eliens.
665 1048 679 1084 c
702 1032 840 1098 Petrens,
873 1027 1017 1083 Bentleius
1044 1030 1193 1094 tamquam

182 1107 283 1172 poetae
306 1104 399 1157 verba.
437 1102 492 1156 Sed
514 1101 645 1155 videntur
666 1101 761 1171 potius
780 1118 795 1154 e
813 1100 939 1170 margine
957 1098 1041 1152 illata
1059 1113 1133 1152 esse:
1155 1097 1191 1151 cf.

183 1174 279 1229 Cicero
297 1175 332 1228 de
351 1174 406 1228 div.
425 1173 498 1241 130,
514 1177 558 1242 63)
587 1171 658 1226 Non.
679 1178 738 1238 272,
754 1179 786 1225 32
808 1169 1000 1238 ‘constitit‚
1020 1172 1128 1223 erectus
1147 1171 1192 1222 est

182 1270 190 1300 ·.
202 1291 207 1299 .
220 1290 242 1302 ..
259 1245 353 1300 Cicero
368 1244 590 1298 Tusculanarum
604 1243 653 1297 lib.
665 1264 686 1298 1:
706 1243 765 1296 ubi
778 1243 892 1312 rigida
907 1260 929 1296 c.
945 1258 967 1295 c.
983 1258 1006 1295 c.
1021 1240 1190 1293 inferum?

181 1316 224 1370 Fr.
240 1316 382 1371 XXXVIII
395 1315 501 1369 contuli
515 1314 591 1381 (hist.
606 1317 677 1384 trag.
691 1319 754 1384 417)
769 1331 832 1368 cum
846 1313 1018 1383 Sophocleae
1032 1311 1194 1380 Polyxenae
1270 1381 1273 1387 Ι

183 1389 216 1442 fr.
232 1394 284 1442 480
298 1387 355 1456 N².‚
374 1386 424 1440 ubi
442 1385 561 1439 Achillis
580 1386 679 1439 umbra
697 1385 834 1453 loquitur:

397 1474 484 1536 ἀκτὰς
502 1472 649 1537 &nolucris
667 1493 696 1528 τε
715 1475 764 1528 καὶ
782 1475 972 1546 μελαμβαθεῐς

394 1550 514 1635 ,λιπρῦσα
533 1543 631 1636 ligans
649 1539 752 1614 ἦλθον,
772 1545 891 1614 ἄρσενας
904 1548 976 1634 χοάς

395 1622 547 1686 Αχεροντος
566 1617 723 1684 οξυπλῆγας
740 1616 861 1686 aguricus
879 1635 968 1686 γοους.

256 1746 270 1792 1
289 1757 328 1794 aa
346 1739 383 1793 ab
402 1739 580 1794 Acherunte?
598 1741 634 1806 cf.
653 1741 744 1794 coroll.
763 1739 814 1791 XX
918 1729 922 1736 '

627 1925 752 1983 XXXIX

182 2023 285 2091 ‘Vnde
301 2027 425 2090 animae
439 2026 620 2090 excitantur
633 2025 769 2090 obscura
782 2024 896 2089 umbra
911 2027 1040 2108 opertae
1055 2045 1094 2086 ox
1109 2023 1194 2087 ostio
1267 2002 1269 2006 Ι

182 2130 287 2197 ‘Altae
310 2131 504 2197 Acheruntis
527 2133 610 2196 salso
634 2133 789 2218 sanguine
814 2181 1008 2195 .......
1310 2117 1311 2128 ¹

255 2280 316 2343 laq.
336 2272 410 2326 unde
429 2273 539 2326 animae
558 2271 716 2324 excitantur
732 2273 814 2325 verbo
832 2287 926 2350 saaca
945 2269 1083 2323 Ciceronis
1097 2271 1194 2338 potios

183 2351 380 2469 allam
389 2345 458 2468 ill
479 2345 642 2467 ltbltltl·
656 2341 1196 2479 01111113101111111111

183 2487 302 2541 Bottias
365 2457 389 2537 '2
409 2433 484 2538 adae
496 2433 631 2538 1Islotac'os
654 2482 712 2536 alte
733 2484 804 2538 Gud.
824 2483 891 2552 ch.
917 2482 975 2536 alto
995 2483 1121 2537 Bsaacll.
1141 2481 1195 2535 alti

183 2558 326 2612 Beatlcc'os
379 2556 441 2609 fuso
460 2557 603 2610 Beatlcios

662 2668 714 2726 XL

183 2768 302 2857 'Vsque
321 2793 446 2856 quaque
465 2772 575 2854 sapere
595 2773 735 2854 oportet:
754 2769 788 2832 id
802 2769 864 2832 erit
878 2769 980 2832 telum
995 2768 1197 2831 ace‘rrimum.

255 2910 351 2966 Cicero
379 2911 414 2964 ad
442 2911 508 2964 fam.
532 2910 634 2963 VH16
664 2908 709 2961 ‘in
736 2908 815 2976 Equo
843 2907 965 2962 Troiano
994 2905 1048 2959 scis
1076 2921 1137 2958 esse
1165 2905 1197 2958 in

184 2987 320 3108 ξκὴθιῖῧι
349 2999 409 3036 sero
438 2981 552 3051 sapiunt
571 3026 576 3035 .
594 3024 599 3033 .
616 2980 899 3048 .Vsquequaque'
920 2995 943 3034 c.
963 2995 989 3046 q.
1010 2995 1030 3032 s.
1068 2977 1108 3031 cf.
1127 2976 1196 3030 hist.

197 3071 255 3124 rag.
313 3098 318 3108 .

659 3165 727 3223 XLI

416 3258 420 3266 ’
503 3269 595 3331 mane
618 3289 724 3350 mane,
747 3288 843 3348 porro
867 3268 904 3328 ut
927 3264 1049 3328 audias!

260 3407 402 3464 Charisius
429 3424 456 3475 p.
476 3412 527 3460 216
545 3406 575 3458 P.
615 3405 740 3459 ‘mane'
770 3420 792 3456 e.
817 3420 842 3470 q.
867 3421 888 3457 s.
947 3403 1112 3474 cupiditatis
1147 3405 1200 3458 ad-

183 3481 273 3535 fectus
293 3479 355 3533 est’

255 3603 302 3656 Aa
321 3599 453 3654 audiam?
